2754 4574
578 181 782 250 ..50-

220 386 279 455 sed
301 387 382 452 satis
418 392 488 452 esto
521 387 560 452 de
591 386 750 451 sacrificio
778 387 849 464 illo;
884 387 950 451 iam
984 383 1024 452 de
1057 383 1244 470 palaestra

81 541 84 545 ,
138 520 256 582 magno
281 520 380 584 opere
402 471 531 578 dubito}
568 519 642 563 nam
676 498 754 580 quid
786 499 867 563 illud
896 501 927 561 ἐκ
959 506 1014 584 τῆς
1034 500 1245 581 παλαίστρας

65 613 68 618 ’
137 611 169 675 in
192 632 289 677 versu
311 611 431 678 tertio?
453 616 566 676 narrat
589 611 658 676 seni
681 611 864 696 discipulus
889 611 922 674 in
945 631 1058 677 mensa
1084 610 1242 676 cinerem

138 724 333 808 dispersisse
357 723 563 806 magistrum,
597 731 663 787 tum
685 725 873 789 veruculum
906 721 1115 802 curvavisse,
1155 729 1246 806 post

139 836 293 902 circinum
314 856 411 900 manu
435 836 627 919 sumpsisse,
651 855 734 917 quae
757 859 827 902 oum
849 837 991 917 fecisset,
1007 874 1049 882 -
1070 854 1149 899 nam
1168 855 1244 918 quo

138 950 211 1014 loco
234 947 454 1032 dispersisset,
476 949 686 1029 servavisset,
711 951 915 1034 sumpsisset,
937 949 1016 1013 nihil
1040 968 1123 1013 sane
1141 947 1245 1012 vide-

140 1068 192 1126 tur
214 1061 258 1125 ad
280 1061 362 1127 rem!
385 1101 422 1108 -
447 1062 515 1127 sive
546 1068 668 1126 vestem
698 1083 769 1127 eum
793 1062 862 1128 sive
891 1061 1055 1128 victimam
1083 1060 1245 1143 aliquam

142 1155 337 1258 surripuisse
358 1212 400 1221 —
424 1196 464 1240 ex
487 1174 676 1259 palaestra?
699 1195 717 1236 o
743 1174 856 1238 miram
879 1175 1040 1258 discipuli,
1064 1172 1131 1238 imo
1155 1194 1245 1257 poe·

141 1293 196 1352 tae
218 1287 372 1351 narrandi
395 1289 513 1353 artem!
552 1288 606 1370 qui
637 1308 700 1351 uon
730 1286 893 1371 acceperit
921 1309 941 1351 a
974 1292 1078 1351 matre
1108 1291 1171 1350 aut
1198 1288 1246 1351 ab

143 1398 218 1464 avia
241 1399 283 1464 ab
304 1401 377 1465 loco
405 1399 610 1484 potissimum
643 1399 862 1483 incipiundum
896 1399 1106 1464 narrantibus
1144 1419 1247 1464 esse:

142 1510 175 1574 in
200 1513 367 1596 palaestra
389 1533 458 1577 cum
482 1533 577 1577 sacra
599 1511 765 1592 iecissent,
787 1512 968 1578 accessisse
983 1511 1189 1594 magistrum
1212 1521 1248 1578 et

144 1626 297 1691 veruculo
323 1631 457 1690 curvato
480 1625 664 1706 circinoque
689 1624 849 1708 prehenso
872 1625 924 1689 vel
943 1624 1078 1708 pallium
1101 1624 1158 1689 vel
1184 1625 1247 1689 ho·

146 1738 241 1802 stiam
265 1738 316 1803 vel
333 1737 409 1821 quid
433 1737 522 1802 aliud
545 1737 731 1802 abstulisse.

228 1837 436 1932 intellegitur,
459 1849 489 1913 ni
514 1849 621 1930 fallor,
645 1849 679 1912 id
701 1867 808 1929 unum,
830 1870 892 1914 non
909 1856 1056 1913 sanatum
1077 1867 1153 1914 esse
1166 1870 1246 1916 ver-

148 1981 217 2026 sum
240 1961 483 2027 versatissimum
508 1982 547 2026 ue
563 1962 806 2026 Hermanniana
830 1960 958 2043 quidem
981 1960 1039 2024 illa
1061 1960 1227 2025 bestiola.

229 2080 326 2156 atque
348 2073 604 2154 Thiersoh7),
639 2073 734 2138 homo
758 2073 979 2153 doctissimus,
1018 2071 1133 2136 eadem
1158 2073 1247 2155 fere,

147 2192 182 2251 ut
204 2185 340 2268 videtur,
363 2205 464 2251 causa
484 2185 645 2266 inductus,
668 2186 890 2272 recipiundam
908 2185 1022 2251 statuit
1035 2186 1249 2251 Ravennatis

149 2321 169 2364 a
192 2300 299 2383 priore
321 2319 417 2364 manu
439 2299 724 2384 transpositionem
746 2298 845 2371 hanc:

273 2412 366 2475 κατὰ
388 2419 454 2498 τῆς
475 2415 716 2494 παλαίστρας
736 2409 917 2485 καταπάσας
938 2410 1052 2496 λεπτὴν
1072 2412 1207 2493 τέφραν,

273 2523 402 2605 κάμψας
424 2524 589 2606 ὀβελίσκον,
613 2523 677 2589 εἶτα
699 2524 853 2608 (liudricus
875 2524 980 2605 λαβὼν

275 2639 306 2699 ἐκ
328 2645 384 2724 τῆς
404 2640 555 2722 τραπέζης
577 2637 732 2719 θυμάτων
754 2637 898 2724 ὑφείλετο.

153 2768 248 2830 quam
281 2750 473 2834 scripturam
508 2754 677 2836 amplexus
712 2757 762 2816 est
791 2749 959 2816 Teuiiel
983 2748 1028 2829 (in
1064 2746 1143 2812 edit.
1183 2768 1253 2815 sua

153 2881 184 2944 p.
195 2861 235 2924 46
250 2864 312 2944 sq.)
334 2867 436 2926 totum
458 2865 561 2930 locum
586 2863 779 2948 explicando
801 2863 866 2928 ita:
889 2862 935 2927 sic
952 2839 1061 2925 statim
1075 2858 1116 2921 ab
1135 2858 1252 2942 initio,

154 2981 188 3036 ut
210 2994 270 3057 par
292 2978 394 3051 esset,
425 2995 576 3042 scaenam
600 2975 679 3041 facti
701 2973 840 3040 indicari
863 2995 901 3038 ac
931 2993 1023 3038 suurn
1046 2970 1163 3050 cuique
1188 2974 1251 3038 tri-

155 3086 220 3161 bui,
244 3088 429 3171 palaestrae
452 3088 602 3168 cinerem,
626 3107 758 3152 mensae
782 3085 985 3151 sacrificium.
1007 3090 1120 3180 contra
1143 3083 1179 3148 in
1195 3107 1252 3154 ce·

155 3205 295 3265 terorum
319 3198 459 3264 omnium
483 3200 663 3284 (ipsiusque
678 3200 877 3266 Ravennatis
893 3220 913 3262 a
929 3219 993 3264 sec.
1010 3197 1121 3269 manui
1146 3196 1255 3264 libro-

154 3294 225 3378 rum
248 3312 387 3378 lectione
409 3313 577 3378 offensioni
601 3334 672 3380 esse
696 3312 868 3378 articulum
882 3332 1014 3378 mensae
1029 3309 1172 3375 nondum
1189 3333 1247 3377 no»

157 3432 210 3490 tae
233 3425 444 3509 propositum.
468 3424 599 3490 adstare
616 3427 783 3491 Socratem
800 3427 834 3494 in
846 3426 1013 3510 palaestra
1033 3442 1133 3507 prope
1152 3443 1254 3490 aram

159 3540 292 3622 eiusque
314 3557 479 3618 mensam,
500 3537 531 3601 in
556 3557 619 3618 oua
642 3539 780 3604 fuissent
802 3537 953 3604 sacriticii
975 3536 1054 3600 iacti
1076 3534 1256 3620 reliquiae,

159 3659 226 3716 turn
248 3651 446 3735 palaestram
470 3671 540 3716 eum
565 3638 727 3732 sparsisse
750 3652 856 3718 cinere
880 3672 919 3716 ex
942 3650 998 3714 illa
1020 3669 1078 3712 ara
1096 3647 1256 3717 desumto

161 3801 199 3811 —
223 3761 325 3846 quid?
348 3761 547 3844 palaestram
572 3763 733 3844 sparsisse
757 3764 863 3829 cinere
886 3784 926 3827 ex
949 3782 1005 3825 ara
1028 3761 1145 3839 allato,
1184 3784 1255 3846 quo

161 3880 273 3961 posset
295 3872 477 3938 describere
500 3874 659 3938 circulos?
682 3881 716 3938 at
738 3896 857 3940 arenae
881 3873 1094 3940 describendo
1114 3875 1255 3958 aptissi-

166 4019 580 4032 ..-——-——⁴-—-·—-————-

236 4121 262 4190 i)
284 4121 415 4183 Aristoph.
435 4137 459 4183 p.
479 4126 528 4171 656
552 4124 584 4171 cf.
605 4122 741 4169 Teuffel
760 4123 779 4169 l.
798 4123 816 4169 l.
843 4179 848 4192 1
