2754 4574
576 155 784 218 „40-

139 377 175 424 se
191 356 364 435 intueatur,
387 375 458 421 cum
480 356 551 421 ioco
568 359 707 420 monent.
727 353 902 435 timentem,
925 359 1095 437 rogantem
1108 352 1154 420 de
1168 351 1235 419 filio

139 470 348 535 consolantur
370 467 457 542 edito
481 468 652 534 cachinno:
674 489 715 534 ne
738 475 913 551 angeretur
929 473 1040 552 pater,
1064 467 1156 551 quod
1181 465 1235 532 dc·

139 582 290 648 licatolus
313 582 367 646 ille
390 588 421 648 et
444 580 597 646 cinaedus
619 587 723 660 esset3
750 602 825 646 nam
848 580 931 646 alios
952 581 1128 666 plerosque
1154 600 1234 663 pue-

140 714 194 760 ros
217 694 355 760 similem
382 694 415 758 in
447 695 577 760 modum
606 694 761 760 cinaedos
791 694 897 758 factos
929 713 1018 771 esse;
1058 713 1133 759 eam
1158 712 1234 760 esse

141 806 335 891 optimorum
356 806 529 888 hominurn,
554 807 903 894 sophistarumpquam
927 811 1143 888 sequerentur
1167 805 1233 870 iam

139 919 284 1004 plerique
305 922 477 999 mortales,
499 920 706 1006 disciplinam
727 920 817 984 illam
846 940 885 984 ac
905 918 1056 984 virtutem
1079 925 1143 985 etc.
1166 918 1235 984 iam

141 1032 261 1099 abituri
283 1033 396 1098 domos
419 1033 556 1117 parasiti
579 1034 711 1098 filiolum
740 1033 846 1117 ipsum
869 1032 1031 1116 aspiciunt
1052 1053 1126 1098 cum
1152 1032 1235 1098 deli-

142 1148 320 1212 catulorum
342 1148 438 1212 turba
459 1152 734 1232 praetereuntem
758 1147 885 1212 oblatos
907 1145 970 1210 iam
993 1146 1078 1211 tales
1099 1144 1235 1227 filiolos,

142 1261 270 1342 qualem
297 1260 369 1345 ipse
404 1259 555 1340 haberet,
594 1265 725 1326 monent
767 1264 910 1343 patrem:
945 1257 1095 1342 agnoscit
1136 1266 1237 1343 pater

142 1372 258 1456 filium;
290 1373 375 1452 adit3
410 1374 648 1458 colloquuntur,
671 1372 852 1456 disputant,
874 1372 1021 1456 litigant,
1045 1371 1235 1437 convician-

52 1466 53 1470 Ἰ
144 1492 211 1566 tur3
235 1493 397 1571 postremo
421 1487 536 1552 adius
558 1492 732 1552 vocaturus
756 1485 825 1551 abit
848 1486 933 1551 filius
956 1484 1194 1567 nequissimus.

225 1600 342 1664 chorus
364 1605 488 1682 autem,
519 1620 590 1664 cum
612 1600 694 1664 talia
715 1598 869 1679 vidisset,
905 1599 996 1665 abire
1017 1597 1141 1679 noluit,
1165 1599 1236 1680 sed,

142 1733 295 1797 quorsum
318 1713 472 1779 evaderet
493 1733 554 1793 res,
578 1717 807 1796 expectaturus
830 1712 995 1778 remansit.

209 1826 289 1890 iam
312 1826 458 1911 episodio
480 1826 570 1890 linito
605 1825 720 1889 chorus
749 1823 792 1888 ad
822 1830 1024 1909 spectatores
1051 1843 1235 1890 conversus

142 1939 382 2023 parabasim²⁸l
405 1939 555 2020 loquitur.
594 1938 685 2002 finita
706 1937 863 2022 parabasi
890 1937 974 2003 redit
1001 1936 1089 2002 tilius
1111 1936 1235 2022 impro-

143 2053 203 2116 bus
226 2072 298 2116 cum
321 2051 427 2117 iudice
441 2051 626 2117 nautodica.
650 2052 708 2117 sed
731 2051 798 2115 alia
812 2051 957 2116 tollenda
973 2057 1022 2117 est
1041 2049 1233 2132 difficultas,

142 2164 330 2250 priusquam
344 2165 519 2250 pergimus.
541 2186 616 2229 nam
635 2169 786 2246 quattuor
803 2164 870 2228 iam
888 2183 1046 2248 personas
1062 2163 1096 2227 in
1112 2183 1235 2230 scaeua

142 2276 256 2358 video,
277 2284 413 2362 patrem,
435 2278 533 2343 tilium
556 2279 703 2362 probum,
725 2277 863 2342 iudicem
887 2276 1107 2358 nautodioam,
1130 2277 1235 2344 filium

143 2391 341 2476 improbum3
384 2391 484 2474 igitur
530 2411 600 2456 cum
637 2391 741 2455 tribus
778 2396 904 2455 tautum
927 2391 1016 2456 locus
1052 2389 1105 2472 sit,
1151 2411 1236 2458 unus

147 2505 342 2570 auferendus
366 2512 424 2570 est.
447 2510 478 2569 et
500 2503 597 2569 facile
619 2503 654 2567 id
676 2504 815 2569 efficias:
837 2526 912 2569 narn
935 2504 991 2568 lilii
1014 2503 1108 2587 probi
1125 2501 1163 2568 in
1187 2525 1235 2570 se·

145 2618 254 2702 quenti
276 2619 379 2684 altero
402 2617 550 2701 episodio
578 2624 688 2701 partes
719 2617 788 2683 fere
821 2619 929 2682 nullae
950 2617 1116 2695 videntum
1155 2638 1235 2702 ergo

144 2737 342 2796 amoveatur.
371 2730 456 2813 finge
478 2730 568 2794 finito
592 2730 740 2814 episodio
768 2730 887 2814 primo,
922 2751 991 2795 cum
1026 2730 1093 2794 iam
1126 2731 1237 2798 abiret

144 2842 228 2908 filius
251 2844 428 2929 improbus,
451 2845 597 2923 alterum,
622 2850 656 2908 ut
672 2842 823 2909 retineret
841 2843 986 2925 fratrem,
1008 2866 1047 2910 ne
1064 2844 1131 2909 tale
1154 2843 1237 2924 quid

144 2957 372 3041 committeret,
406 2965 550 3024 secutum
581 2957 687 3041 ipsum
716 2955 825 3022 abisse
848 2963 894 3037 et,
924 2978 994 3022 cum
1017 2956 1096 3022 nihil
1123 2958 1236 3041 prote-

146 3105 564 3114 ...n—--—-—--—---——

216 3195 261 3266 28)
281 3200 331 3248 huc
354 3201 434 3248 refero
458 3200 629 3260 fragmentum
646 3197 710 3247 illud
728 3198 876 3260 parvolum,
901 3199 970 3260 quod
993 3196 1135 3246 invenimus
1153 3213 1180 3261 p.
1202 3204 1235 3251 16

146 3294 213 3366 (ὡς)
235 3296 266 3350 ἐν
284 3296 445 3367 ὑποκρίσει.
482 3315 543 3348 nam
561 3299 680 3363 parabasi
698 3298 811 3362 suspicor
835 3313 892 3348 cum
911 3299 963 3349 alia
982 3297 1109 3347 monuisse
1127 3307 1236 3362 poetam

143 3411 196 3450 tum
208 3401 285 3454 haec:
305 3401 433 3464 iamquae
451 3401 555 3450 uideant
571 3401 651 3450 oculis
668 3401 822 3463 auribusque
840 3400 980 3450 exaudiant
993 3407 1154 3463 spectatores,
1173 3402 1237 3454 ficta

142 3500 189 3550 illa
215 3503 318 3566 quidem
337 3518 390 3552 esse
408 3518 438 3553 ac
457 3501 589 3562 simulata,
617 3509 646 3551 ut
668 3517 735 3565 quae
758 3502 791 3551 ab
809 3501 929 3550 scaenicis
952 3509 1051 3550 tantum
1078 3509 1192 3562 agantur
1210 3513 1237 3555 et

144 3618 195 3651 non
215 3605 282 3652 lacta
300 3603 350 3652 siut
368 3604 393 3652 in
412 3604 479 3657 vita:
503 3618 590 3652 uerum
609 3602 746 3653 videndum
764 3618 830 3664 esse,
849 3619 893 3664 ne,
917 3618 983 3668 quae
1001 3611 1077 3667 pocta
1095 3603 1235 3669 effinxerit,

144 3719 175 3754 ea
196 3704 298 3754 cottidie
315 3704 379 3754 fiant
396 3720 413 3753 a
429 3704 525 3753 civibus
542 3703 686 3767 civiumque
703 3705 763 3754 filiis
782 3720 876 3766 magno
899 3721 956 3754 cum
975 3707 1069 3754 damno
1087 3712 1112 3753 et
1130 3705 1235 3768 publico

144 3816 169 3855 et
192 3806 306 3874 privato;
330 3805 416 3869 itaque
441 3822 473 3856 ue
498 3806 570 3869 parvi
595 3805 690 3855 faciant
707 3806 788 3868 cives,
812 3823 878 3869 quae
901 3807 988 3855 fabula
1010 3806 1056 3855 illa
1079 3821 1123 3869 per
1147 3806 1235 3860 iocum

143 3908 272 3971 risumque
290 3916 506 3962 commoueantur.
527 3935 559 3944 -
579 3907 639 3956 item
658 3910 691 3956 ad
709 3907 853 3972 parabasim
872 3916 916 3957 aut
934 3906 1042 3971 primam
1061 3915 1106 3957 aut
1123 3909 1234 3961 alteram

144 4010 274 4058 referenda
292 4017 343 4070 est,
368 4008 395 4057 ni
411 4009 499 4069 fallor,
524 4007 620 4057 oraculi
638 4007 706 4057 illius
724 4009 834 4070 mentio,
859 4010 927 4072 quod
952 4009 1025 4057 affert
1043 4007 1180 4060 scholiasta
1198 4014 1233 4062 ad

144 4110 211 4175 Equ.
233 4114 300 4161 101³
321 4112 363 4175 (fr.
383 4106 510 4178 230l235)
531 4119 556 4160 et
572 4109 685 4170 attigisse
704 4119 806 4174 poetam
824 4110 850 4159 in
868 4110 1064 4160 Daetsleusibus
1082 4111 1166 4162 tradit.
1202 4130 1206 4137 ·
