2754 4574
600 176 807 239 -15-

162 379 386 463 suppleturus,
414 397 496 460 quae
520 375 685 459 superiore
708 377 778 441 loco
801 376 923 440 omissa
945 383 1068 456 essent,
1098 378 1183 442 falso
1206 376 1252 441 ad

161 492 266 555 locurn
293 491 481 556 inferiorern
510 488 701 555 deferretur.
737 489 827 570 atqui
859 510 921 553 non
956 490 1062 574 potuit
1090 489 1137 554 ita
1162 490 1251 555 falso

162 601 294 683 deferri,
316 602 378 667 nisi
401 602 502 668 oculis
521 601 675 685 deceptus
694 600 902 666 similitudine
918 602 1060 682 quadam
1077 603 1251 669 verborum

162 716 330 796 utriusque
352 715 415 779 loci
445 713 670 780 communium.
706 714 772 778 iarn
801 736 864 779 nou
892 714 1022 780 invenio
1052 715 1171 779 similia
1198 714 1251 778 his

161 829 259 894 locis:
294 827 344 911 ἀφ’
370 818 405 890 οὗ
432 829 537 912 δρᾶμα
559 825 801 911 Ἀριστοφάνους
826 824 1008 906 ὠνόμασται
1032 830 1196 901 Auctorem
1218 834 1253 892 et

163 940 204 1014 ὡς
220 941 251 1002 ἓν
269 939 432 1022 ὕαοκρίσει,
447 937 488 1013 ὥς
500 937 841 1024 φησινἈριστοφάνηςς
858 960 935 1022 ergo
951 939 1032 1004 nihil
1047 940 1136 1005 aliud
1154 940 1251 1006 video

163 1074 261 1137 quarn
288 1053 410 1118 omissa
439 1074 511 1119 esse
540 1052 604 1119 alio
628 1074 736 1119 errore
763 1042 848 1138 post'
865 1054 1036 1119 commisso
1064 1055 1165 1119 verba
1191 1054 1253 1117 illa

163 1165 284 1230 similia
302 1165 441 1249 ideoque
456 1166 499 1230 ad
519 1166 700 1232 sanandum
715 1167 819 1231 locum
838 1166 965 1231 anobis
986 1165 1050 1229 iarn
1065 1166 1252 1232 inserenda.

163 1300 225 1362 age
246 1279 356 1363 igitur,
379 1279 464 1346 adde
482 1279 525 1343 ad
542 1281 677 1346 alterurn
693 1281 798 1345 locum
821 1276 877 1361 (ὥς
901 1302 995 1364 φησιν
1015 1277 1251 1364 Ἀριστοφάνης)

162 1395 263 1459 verba
285 1393 404 1459 similia
426 1395 456 1455 ἐν
479 1395 697 1471 Λαιταλεῠσιν;
727 1393 793 1458 iam
821 1387 990 1477 utrumque
1019 1393 1123 1458 locum
1146 1393 1252 1459 habes

164 1507 348 1574 restitutum
369 1507 430 1571 ita:

409 1655 436 1716 1.
934 1711 935 1714 Ν
977 1651 1006 1711 υ.

226 1784 258 1849 p.
284 1766 361 1846 aco,
391 1767 445 1829 ro:
489 1740 602 1845 ιιγιιιι
645 1762 678 1824 a
797 1784 829 1846 p.
850 1764 928 1842 ιιι,
950 1762 1006 1825 40:
1038 1759 1253 1833 Λιιιιιιοςὸ

164 1875 309 1962 δράματα
347 1878 396 1938 καὶ
438 1875 475 1939 τά
515 1874 576 1943 ὑπὸ
616 1883 677 1940 τῶν
736 1871 900 1960 chemmin.
955 1872 1005 1957 ἀφ’
1064 1863 1099 1937 οὗ
1145 1875 1252 1958 δρᾶμα

164 1996 335 2073 θεατρικῶν
362 1993 504 2071 μιμηλῶς
528 1985 677 2072 γινόμενα,
733 1983 1032 2071 Ἀριστοφάνους
1066 1975 1278 2067 ὠνόμασταιΙ

165 2101 206 2178 ὡς
239 2105 269 2165 ἐν
305 2100 475 2189 ἷκτοκρίσει,
512 2098 553 2176 ὥς
584 2126 679 2187 φησιν
738 2102 966 2176 Δαιταλεΐς,
995 2100 1095 2184 ἐπειδὴ
1124 2101 1155 2163 ἐν
1182 2101 1254 2188 ἱερῷ

161 2213 438 2301 Ἀριστοφάνης
470 2216 505 2276 ἓν
534 2217 677 2278 Λαιτα-
732 2212 919 2295 Ἡρακλέους
951 2209 1165 2298 δειπνήσαντες
1196 2215 1254 2297 ἐγέ-

165 2335 300 2394 λεῦσιν.
738 2351 824 2390 νοντο
843 2321 949 2410 χορός.

248 2471 386 2533 ceterum
416 2487 457 2532 ex
486 2465 537 2530 his
566 2464 648 2551 ipsis
677 2463 758 2530 locis
781 2485 846 2529 non
870 2465 973 2529 solum
996 2462 1124 2529 venisse
1146 2462 1179 2527 in
1203 2485 1252 2528 or·

165 2581 325 2646 chestram
350 2580 481 2645 chorum
505 2579 668 2663 epulatum
689 2585 721 2644 et
737 2599 801 2644 non
818 2581 1021 2663 epulaturum
1041 2577 1250 2658 intellexeris,

167 2692 344 2759 sedetiam
367 2691 471 2772 aliud,
502 2691 529 2756 si
551 2693 676 2776 placet,
706 2690 870 2757 inveneris
892 2691 1140 2757 Dacialensium
1163 2693 1250 2774 frag·

165 2812 307 2873 mentum
331 2803 419 2890 ,,(ὡς)
443 2806 473 2868 ἓν
494 2800 680 2888 ὑποκρίσιος
702 2824 764 2887 quo
784 2804 824 2870 de
841 2803 1024 2887 fragmento
1039 2804 1252 2890 infrapaucis

165 2903 372 3004 exponemus.

249 3049 307 3115 sed
335 3048 375 3116 de
406 3049 502 3114 choro
531 3047 660 3130 quidem
691 3048 935 3115 Daetalensium
964 3049 1135 3130 hactenus3
1169 3050 1250 3114 satis

166 3161 251 3230 enim
278 3160 460 3228 mehercule
489 3182 529 3227 ex
556 3161 706 3228 Herculis
735 3162 812 3227 fano
843 3169 917 3247 post
945 3183 1058 3231 cenam
1086 3181 1250 3247 egressum
1292 3167 1293 3170 ’

165 3282 276 3362 potum
299 3282 331 3341 et
353 3275 516 3359 epulatum
531 3296 597 3340 non
614 3275 684 3342 sine
702 3276 902 3361 petulantiis,
925 3283 959 3341 ut
980 3277 1137 3364 suspicor,
1157 3274 1252 3353 iocis-

167 3409 228 3472 que
250 3388 282 3452 in
305 3388 472 3454 orchestra
494 3393 657 3472 postremo
680 3395 715 3454 nt
736 3389 867 3455 chorum
887 3390 1073 3456 constitisse
1090 3390 1254 3476 apparuit.

248 3519 312 3584 iam
335 3526 462 3605 tempus
485 3525 535 3586 est
557 3541 598 3586 cx
619 3521 801 3603 orchestra,
831 3521 857 3584 si
885 3522 1009 3607 placet,
1037 3522 1071 3587 in
1100 3540 1253 3587 scaenam

167 3631 354 3714 ascendere,
367 3639 412 3702 ut
432 3633 536 3718 ipsius
557 3633 691 3700 fabulae
712 3633 854 3716 vestigia
874 3653 1118 3718 persequamur.

250 3769 345 3846 atque
374 3763 489 3830 mirum
516 3765 549 3829 in
578 3764 707 3829 modum
733 3764 881 3830 dubitant
906 3764 1133 3847 haesitantque
1156 3769 1191 3828 nt
1213 3764 1254 3830 de

162 3868 201 3942 're
223 3877 441 3944 incertissima
464 3877 524 3942 viri
547 3877 634 3943 docti
656 3877 696 3943 de
719 3881 854 3963 prologo
883 3878 1064 3961 ceterisque
1087 3879 1253 3965 episodiis‚

167 3995 202 4054 ut
219 4008 259 4053 ex
275 3988 332 4069 cis,
356 4008 439 4071 quae
456 3989 610 4056 invenere
629 4010 667 4055 ae
687 3991 904 4076 disputavere,
924 3990 979 4057 vix
998 3991 1121 4075 aliquid
1144 3992 1253 4074 magni

166 4100 338 4185 percipias
