2754 4574
582 190 787 255 ,52-

142 410 212 454 cum
236 389 404 474 discipulis
427 390 512 456 fame
535 388 688 455 laceratis
711 387 806 472 panis
829 410 893 452 non
916 388 1043 454 fuisset.
1065 388 1098 453 in
1115 388 1245 473 phron-

141 501 266 568 tisterio
289 503 469 586 excogitat,
501 523 565 585 qua
587 501 706 586 optime
730 502 862 567 sedaret
886 501 1006 566 famem
1028 521 1181 581 suorum,
1207 503 1245 567 in

140 616 370 701 phrontisterio
393 616 513 698 tiguras
536 615 743 695 delineatio
767 614 999 699 phrontisterio
1033 651 1071 661 —
1105 617 1164 681 vel
1187 615 1245 680 fu-

142 734 239 793 ratur.
279 728 393 811 quodsi
430 728 537 793 omnia
564 729 596 793 in
626 727 756 793 scholae
785 727 1007 812 penetralibus
1031 710 1120 792 faeta
1147 735 1245 810 sunt,

141 841 218 924 quid
241 840 424 906 faciendum
449 840 576 906 videtur
598 841 638 906 de
661 840 852 924 palaestra?

224 974 303 1020 sane
326 953 455 1037 quidem
477 952 511 1017 id
534 954 614 1018 satis
638 954 788 1039 apparuit
811 954 951 1017 alienam
982 974 1051 1018 eam
1081 973 1159 1019 esse
1194 957 1244 1021 ab

142 1065 309 1145 hocloco,
332 1067 395 1130 iam
417 1066 574 1130 mutanda
597 1067 639 1130 sit
662 1088 703 1131 an
726 1066 937 1145 reservanda,
972 1065 1148 1132 videndum
1174 1077 1244 1134 est.

224 1200 263 1243 ac
285 1179 416 1263 Bergk
440 1180 569 1262 quidem
592 1180 639 1261 tin
661 1180 765 1264 praei.
787 1179 837 1245 ed.
852 1181 907 1244 alt.
924 1200 955 1263 p.
968 1180 1094 1263 XVIII)
1113 1202 1244 1248 eversa

140 1292 307 1374 palaestra
328 1314 367 1359 ac
389 1299 457 1357 toto
480 1314 576 1358 versu
600 1299 723 1357 mutato
741 1293 788 1355 ita
811 1292 1015 1357 scribendum
1039 1294 1166 1359 statuit.

374 1408 405 1468 ἐκ
427 1413 482 1490 τῆς
502 1403 599 1486 πάλης
621 1403 824 1486 θοινημᾶτιον
845 1405 990 1488 ὑφείλετο,

141 1515 225 1598 quod
247 1517 317 1601 ipse
339 1517 570 1603 interpretatur
591 1519 654 1582 ita:
679 1518 765 1583 elam
786 1540 825 1583 ex
848 1517 1010 1583 cineribus
1033 1536 1104 1583 eum
1132 1540 1241 1584 cenu-

140 1627 205 1692 lam
230 1629 299 1694 sive
324 1630 481 1696 ferculum
515 1631 734 1715 protraxisse3
772 1629 871 1711 πάλην
898 1630 983 1695 idem
1020 1651 1107 1711 esse,
1144 1635 1240 1714 quod

140 1761 239 1825 supra
260 1743 516 1827 λεπτὴν,τέφραν.

222 1860 256 1918 at
283 1857 416 1920 multum
439 1856 597 1923 fefellisse
620 1857 722 1920 virum
746 1855 1041 1938 ingeniosissimum
1065 1855 1237 1941 fiduciam,

140 1986 211 2031 cum
234 1969 404 2052 scripsisse
426 1969 472 2032 ita
494 1979 622 2054 poetam
648 1970 818 2050 scriberet,
852 1969 979 2052 magnis
1004 1948 1101 2034 facile
1131 1970 1237 2036 ratio-

140 2079 234 2146 nibus
256 2081 465 2165 intellegitur.

223 2213 261 2258 ac
284 2195 420 2278 primum
444 2195 573 2276 quidem
596 2215 657 2277 ego
680 2214 744 2258 non
777 2193 872 2258 video
906 2196 1038 2259 verbum
1068 2195 1101 2257 in
1132 2217 1235 2262 versu

141 2305 277 2386 Graece,
302 2306 387 2390 quod
410 2308 470 2372 hoc
495 2308 596 2389 „clam
620 2306 830 2390 p1·otrahere“
848 2307 1017 2390 significet.
1039 2329 1115 2372 nam
1138 2306 1234 2393 ὕφαι-

141 2422 263 2497 ρεῖσθπι
288 2421 371 2483 clam
396 2421 524 2486 auferre
547 2419 618 2499 sibi,
641 2420 851 2484 inscientibus
874 2420 948 2485 aliis
978 2420 1040 2485 sibi
1064 2422 1233 2507 surripere

140 2529 351 2617 significatssl.
376 2533 465 2615 atqui
490 2533 550 2598 sibi
574 2533 637 2617 ipsi
661 2533 837 2598 abstulisse
859 2533 1050 2615 magistrum
1074 2535 1233 2616 θοινημά-

139 2667 205 2704 τιον
220 2643 363 2727 ineptum
386 2655 451 2724 est,
475 2646 532 2710 sed
550 2646 745 2731 protraxerit
758 2645 936 2729 discipulis,
959 2668 1020 2711 non
1036 2645 1234 2731 surripuerit

48 2769 50 2773 ’
141 2755 203 2819 sibi
227 2757 395 2835 Socratem
443 2758 525 2823 unde
574 2758 705 2824 tandem
753 2756 956 2839 θοινῃμάτιον
997 2759 1078 2823 illud
1120 2780 1232 2846 sump-

141 2867 224 2933 sisse
248 2869 416 2934 dicamus‘?
438 2892 553 2954 nempe
575 2893 615 2935 ex
638 2871 685 2934 eis
708 2871 879 2952 cineribus,
903 2872 1019 2953 quibus
1041 2877 1117 2937 ante
1140 2895 1231 2940 men-

139 3001 210 3046 sam
232 2990 468 3066 consperserat.
508 2989 542 3046 at
575 2983 764 3066 protrahere
788 3005 849 3047 non
885 2985 990 3068 potnit
1012 2983 1231 3069 θοινημάτιον,

138 3094 201 3158 nisi
225 3094 310 3178 quod
332 3104 430 3160 antea
453 3101 679 3179 supposuerat.
702 3117 766 3159 non
789 3096 887 3178 igitur
918 3099 1000 3162 elam
1034 3098 1230 3181 protrahere

211 3425 236 3487 8)
256 3427 288 3473 ct'.
309 3426 375 3475 Plut.
397 3429 480 3475 1139:
501 3419 623 3490 καὶμὴν
644 3419 731 3475 ὁπότε
751 3440 775 3471 rr
798 3421 950 3491 σκευάριον
970 3423 1020 3474 τοῦ
1039 3423 1184 3478 δεσπότου

502 3521 649 3590 imitere
684 3525 733 3589 (z
767 3541 825 3574 cum
859 3526 920 3575 tibi
954 3528 1144 3577 abstuleras
1181 3530 1231 3582 in-

557 3626 684 3676 sciente
703 3626 783 3691 hero).

260 3727 336 3789 Vesp.
357 3731 422 3776 556:
455 3722 597 3793 οἴκτειρόν
614 3723 654 3795 μ’,
680 3717 820 3793 ὦπάτερ,
845 3725 981 3794 circipani
998 3725 1038 3792 π’,
1066 3731 1091 3779 εἰ
1122 3728 1231 3794 καύτὸς

894 3823 1009 3878 πώποθ’
1034 3826 1188 3895 ὑφείλου

497 3921 590 3993 ἀρχὴν
618 3920 702 3993 ἔρξας
721 3928 767 3994 (z
787 3928 808 3977 si
828 3938 853 3978 ct
871 3937 898 3978 tu
917 3946 1038 3993 nmquam
1066 3932 1148 3980 olum
1174 3937 1229 3986 ab·

557 4029 686 4078 stulisti
704 4030 764 4079 tibi
783 4030 880 4093 aliquid
899 4031 966 4094 etc).

259 4127 336 4189 Vesp.
357 4131 417 4177 958.
439 4133 516 4179 1201.
537 4133 613 4178 1345.
633 4129 697 4178 Nub.
720 4135 796 4179 1199.
815 4131 881 4195 Equ.
902 4136 951 4182 745
972 4142 996 4182 et
1014 4130 1087 4183 aiios.
