2754 4574
584 107 785 174 ,36-

140 307 213 372 aliis
235 329 312 374 vero
332 308 366 372 in
389 308 511 373 fabulis
534 309 632 373 etiam
655 309 805 374 omnibus
826 305 926 371 armis
947 306 1077 372 indutos
1102 303 1152 386 (ἐν
1176 331 1236 367 πα-

104 427 112 442 '
139 423 261 508 voullp)
289 420 439 505 prodisse
461 422 495 486 in
518 441 667 486 scaenam
692 422 825 502 heroas,
851 420 887 484 id
915 417 1000 503 quod
1026 419 1126 484 liceat
1157 439 1236 502 per-

139 534 264 618 spicere
285 555 324 600 ex
348 534 608 600 Dastalensib'us.
643 556 704 618 quo
726 537 797 600 loco
821 533 898 618 quid
920 552 1041 617 quaeso
1064 531 1236 598 efficitur?

138 668 254 731 nempe
274 647 393 712 heroas
421 647 569 713 omnibus
600 647 699 713 armis
720 646 850 711 indutos
873 645 975 711 fnisse
996 645 1031 709 in
1052 645 1236 711 Daetalen·

140 761 245 839 sibus3
274 766 370 843 atque
398 780 469 824 cum
498 760 569 845 ipse
597 780 697 826 senex
719 758 900 825 Erechthea
927 765 959 824 et
981 761 1094 840 Aegea
1116 757 1237 823 vocari

139 872 264 953 iubeat,
287 893 307 935 a
328 872 394 937 filio
416 875 518 958 probo
541 873 703 958 suspicor,
732 872 811 936 nihil
832 871 928 937 video
952 877 1007 936 aut
1030 870 1149 936 certius
1175 877 1237 936 aut

140 984 262 1066 verius,
295 1005 390 1069 quum
420 993 531 1070 partes
559 988 666 1070 egisse
693 987 726 1050 in
749 985 863 1050 fabula
884 984 958 1049 illos
979 984 1106 1069 priscos
1129 983 1237 1050 Athe-

141 1098 300 1164 niensium
322 1119 425 1182 reges.

222 1211 333 1278 videre
356 1213 440 1295 licet,
464 1220 619 1297 quantum
640 1213 705 1276 iam
729 1210 970 1296 profecerimus.
1007 1209 1148 1294 primum
1164 1230 1238 1274 om-

139 1324 228 1389 nium
245 1324 279 1388 id
297 1326 503 1392 statuendum
516 1333 574 1407 est,
597 1325 713 1409 quibus
728 1324 761 1388 in
775 1323 935 1407 angustiis
948 1328 1096 1388 versatus
1110 1321 1238 1388 heroas

140 1437 215 1501 illos
238 1458 337 1504 senex
359 1439 480 1504 auxilio
503 1440 565 1504 sibi
587 1437 763 1504 vocaverit.
804 1458 843 1502 ac
865 1435 1020 1501 facillime
1042 1435 1076 1499 id
1097 1434 1236 1518 quidem

141 1551 315 1636 expedias:
338 1573 413 1617 nam
438 1573 508 1617 omn
520 1554 686 1618 avolasset
708 1550 750 1614 ad
763 1549 887 1615 iudices
903 1548 989 1614 filius
1001 1547 1238 1631 nequissimus,

85 1687 91 1701 ·
141 1671 177 1728 ut
203 1670 329 1749 patrem
359 1672 528 1732 accusaret
555 1663 817 1747 accusandoque,
852 1662 880 1726 si
908 1666 1035 1746 posset,
1067 1659 1238 1744 perderet,

142 1776 219 1860 quid
247 1798 368 1861 quaeso
395 1777 663 1863 interponendum
692 1797 765 1842 esse
792 1797 844 1842 res
873 1775 947 1860 ipsa
974 1773 1106 1839 monet?
1150 1773 1239 1838 nihil

142 1890 231 1954 aliud
253 1911 348 1974 quam
371 1911 443 1956 eam
467 1911 635 1971 scaenam,
663 1911 727 1973 qua
749 1889 833 1954 redit
854 1888 957 1968 filius,
980 1886 1107 1953 accedit
1130 1886 1239 1953 iudex

142 2004 330 2086 ναυτοδίκης,
353 2003 499 2069 defendit
515 2025 587 2070 sese
604 2025 724 2087 magna
742 2023 813 2068 cum
832 2001 1002 2085 gravitate,
1026 1999 1085 2064 sed
1096 1998 1239 2082 frustra,

142 2123 176 2182 ut
206 2117 293 2201 apud
325 2118 424 2182 talem
450 2116 605 2198 iudicem,
639 2123 732 2202 pater
761 2136 874 2195 senen,
910 2115 1103 2180 condemnat
1131 2113 1240 2180 iudex

143 2250 262 2311 senem,
286 2236 320 2294 ut
342 2229 587 2313 peregrinitatis
611 2229 802 2311 convictum,
826 2235 922 2312 atque
946 2227 1064 2293 abduci
1087 2226 1180 2292 iubet
1205 2227 1242 2292 in

143 2363 320 2422 carcerem3
348 2350 414 2409 tum
437 2364 514 2409 vero
537 2363 651 2421 senex,
680 2344 721 2408 ab
744 2339 892 2407 omnibus
916 2340 1091 2406 destitutus
1113 2346 1241 2404 morta·

143 2456 238 2535 libus,
261 2455 436 2541 desperata
460 2455 524 2520 iam
548 2477 649 2541 prope
672 2457 777 2521 salute
800 2455 916 2521 heroas
941 2453 1066 2538 priseos
1082 2453 1243 2537 precibus

143 2568 225 2647 adit,
249 2575 437 2634 succurrant
454 2567 515 2634 sibi
531 2570 660 2650 clamat,
682 2569 783 2633 filium
797 2569 932 2652 probum
948 2572 1097 2631 vocatum
1120 2566 1242 2646 mittit3

144 2689 240 2766 atque
264 2682 370 2747 subito
394 2682 507 2749 heroes
531 2683 651 2748 adsunt
673 2704 713 2749 ex
728 2681 888 2760 machina,
912 2685 945 2745 ut
961 2679 1241 2746 saneminnuuen-

143 2795 303 2860 tissimum
326 2795 390 2879 ipsi
412 2797 596 2861 absolvant.

225 2908 291 2973 iam
319 2909 477 2974 babemus
499 2908 597 2974 etiam
620 2906 700 2971 illud
723 2905 919 2989 episodium,
948 2904 998 2970 eui
1025 2909 1240 2971 tetrametros
1278 2969 1280 2973 Α

144 3022 301 3087 iambicos
319 3042 417 3106 supra
439 3021 583 3100 attribui,
607 3041 678 3085 cum
691 3018 782 3102 queri
795 3018 882 3102 apud
894 3017 1004 3083 nescio
1016 3037 1109 3101 quem
1122 3036 1240 3083 senem

145 3156 215 3199 cum
243 3135 293 3200 ira
316 3156 355 3200 ac
378 3134 487 3200 dolore
510 3132 662 3219 exposui,
684 3152 759 3196 nam
781 3131 871 3197 illum
893 3131 1003 3198 nescio
1028 3151 1121 3214 quem
1150 3131 1240 3198 satis

145 3254 284 3333 apparet
297 3249 349 3314 vel
368 3248 583 3313 Erechtheum
595 3247 647 3313 vel
668 3247 814 3329 Aegeum
838 3244 939 3311 fuisse
952 3244 1003 3310 vel
1025 3242 1084 3307 hos
1107 3243 1238 3310 ambos.

228 3382 287 3428 nec
308 3360 413 3426 minus
437 3361 476 3426 de
500 3361 620 3441 exodo,
644 3379 740 3443 quam
764 3378 864 3442 supra
885 3357 999 3442 paucis
1022 3354 1135 3438 attigi,
1164 3375 1237 3421 cer-

145 3475 246 3540 tiores
267 3475 314 3539 ita
337 3494 447 3540 sumus
464 3473 554 3538 facti.
587 3493 661 3537 nam
684 3471 841 3537 liberatus
865 3491 936 3536 cum
958 3490 1058 3535 senex
1080 3474 1167 3534 esset
1191 3471 1237 3535 ab

147 3587 313 3668 heroibus,
338 3587 465 3671 qualern
491 3587 610 3652 exitum
636 3582 1079 3654 statuendumcenseamus?
1109 3582 1235 3648 meher-

146 3702 216 3768 cule
238 3702 360 3766 nullum
384 3700 499 3780 alium,
530 3718 625 3779 quam
657 3718 719 3780 quo
741 3696 845 3782 putris
868 3696 1016 3760 manibus
1039 3695 1179 3760 traditur
1203 3703 1237 3762 et

147 3814 356 3897 castigandus
380 3820 411 3881 et
434 3811 654 3880 emendandus
676 3810 777 3890 filius,
811 3810 920 3891 itaque
950 3807 1024 3872 huic
1052 3807 1157 3873 exodo
1186 3809 1234 3873 in-

147 3926 277 3991 serendi
299 3925 455 3992 trochaici
476 3925 525 3990 illi
546 3924 726 3989 tetrametri
749 3929 839 4002 sunt,
869 3921 931 3986 nisi
955 3920 1161 3987 vehementer
1182 3941 1235 3986 me

147 4040 232 4107 fallit
253 4040 427 4122 ingenium.
