<?xml version="1.0" encoding="UTF-8"?>
<!DOCTYPE html PUBLIC "-//W3C//DTD XHTML 1.0 Transitional//EN"
    "http://www.w3.org/TR/xhtml1/DTD/xhtml1-transitional.dtd">
<html xmlns="http://www.w3.org/1999/xhtml" xml:lang="en" lang="en">
 <head>
  <title>
</title>
<meta http-equiv="Content-Type" content="text/html;charset=utf-8" />
  <meta name='ocr-system' content='tesseract 3.04.00' />
  <meta name='ocr-capabilities' content='ocr_page ocr_carea ocr_par ocr_line ocrx_word'/>
</head>
<body>
  <div class='ocr_page' id='page_1' title='image "./dedaetalensiumf00roetgoog_0025.png"; bbox 0 0 2754 4574; ppageno 0'>
   <div class='ocr_carea' id='block_1_1' title="bbox 579 178 785 246">
    <p class='ocr_par' dir='ltr' id='par_1_1' title="bbox 579 178 785 246">
     <span class='ocr_line' id='line_1_1' title="bbox 579 178 785 246; baseline 0 -17"><span class='ocrx_word' id='word_1_1' title='bbox 579 178 785 246; x_wconf 65' lang='lat'>..20„</span> 
     </span>
    </p>
   </div>
   <div class='ocr_carea' id='block_1_2' title="bbox 138 376 1237 899">
    <p class='ocr_par' dir='ltr' id='par_1_2' title="bbox 138 376 1237 899">
     <span class='ocr_line' id='line_1_2' title="bbox 140 376 1233 468; baseline -0.001 -22"><span class='ocrx_word' id='word_1_2' title='bbox 140 376 199 446; x_wconf 88' lang='lat' dir='ltr'><strong>sed</strong></span> <span class='ocrx_word' id='word_1_3' title='bbox 229 381 328 447; x_wconf 89' lang='lat' dir='ltr'><strong>talem</strong></span> <span class='ocrx_word' id='word_1_4' title='bbox 361 381 463 446; x_wconf 86' lang='lat' dir='ltr'><strong>fuisse</strong></span> <span class='ocrx_word' id='word_1_5' title='bbox 492 381 587 448; x_wconf 88' lang='lat' dir='ltr'><strong>finem</strong></span> <span class='ocrx_word' id='word_1_6' title='bbox 622 382 809 450; x_wconf 89' lang='lat' dir='ltr'><strong>comoediae</strong></span> <span class='ocrx_word' id='word_1_7' title='bbox 842 388 975 468; x_wconf 90' lang='lat' dir='ltr'><strong>propter</strong></span> <span class='ocrx_word' id='word_1_8' title='bbox 1007 402 1105 448; x_wconf 90' lang='lat' dir='ltr'><strong>unum</strong></span> <span class='ocrx_word' id='word_1_9' title='bbox 1132 381 1233 447; x_wconf 91' lang='lat' dir='ltr'><strong>illum</strong></span> 
     </span>
     <span class='ocr_line' id='line_1_3' title="bbox 139 494 1236 581; baseline -0.001 -21"><span class='ocrx_word' id='word_1_10' title='bbox 139 514 284 576; x_wconf 83' lang='lat' dir='ltr'><strong>versum,</strong></span> <span class='ocrx_word' id='word_1_11' title='bbox 322 514 417 577; x_wconf 90' lang='lat' dir='ltr'><strong>quem</strong></span> <span class='ocrx_word' id='word_1_12' title='bbox 439 514 502 559; x_wconf 92' lang='lat' dir='ltr'><strong>non</strong></span> <span class='ocrx_word' id='word_1_13' title='bbox 525 494 631 560; x_wconf 93' lang='lat' dir='ltr'><strong>minus</strong></span> <span class='ocrx_word' id='word_1_14' title='bbox 653 501 740 562; x_wconf 89' lang='lat' dir='ltr'><strong>recte</strong></span> <span class='ocrx_word' id='word_1_15' title='bbox 763 495 803 562; x_wconf 91' lang='lat' dir='ltr'><strong>de</strong></span> <span class='ocrx_word' id='word_1_16' title='bbox 825 497 936 581; x_wconf 91' lang='lat' dir='ltr'><strong>lepore</strong></span> <span class='ocrx_word' id='word_1_17' title='bbox 959 495 1108 562; x_wconf 85' lang='lat' dir='ltr'><strong>silvatico</strong></span> <span class='ocrx_word' id='word_1_18' title='bbox 1129 495 1236 561; x_wconf 93' lang='lat' dir='ltr'><strong>inter-</strong></span> 
     </span>
     <span class='ocr_line' id='line_1_4' title="bbox 139 607 1236 694; baseline 0 -23"><span class='ocrx_word' id='word_1_19' title='bbox 139 607 263 692; x_wconf 88' lang='lat' dir='ltr'><strong>pretari</strong></span> <span class='ocrx_word' id='word_1_20' title='bbox 283 607 374 689; x_wconf 88' lang='lat' dir='ltr'><strong>licet,</strong></span> <span class='ocrx_word' id='word_1_21' title='bbox 406 626 471 672; x_wconf 93' lang='lat' dir='ltr'><strong>non</strong></span> <span class='ocrx_word' id='word_1_22' title='bbox 498 627 632 693; x_wconf 92' lang='lat' dir='ltr'><strong>possum</strong></span> <span class='ocrx_word' id='word_1_23' title='bbox 662 628 682 672; x_wconf 86' lang='lat' dir='ltr'><strong>a</strong></span> <span class='ocrx_word' id='word_1_24' title='bbox 710 629 760 675; x_wconf 92' lang='lat' dir='ltr'><strong>me</strong></span> <span class='ocrx_word' id='word_1_25' title='bbox 789 608 982 694; x_wconf 87' lang='lat' dir='ltr'><strong>impetrare,</strong></span> <span class='ocrx_word' id='word_1_26' title='bbox 1015 613 1051 674; x_wconf 93' lang='lat' dir='ltr'><strong>ut</strong></span> <span class='ocrx_word' id='word_1_27' title='bbox 1079 608 1236 686; x_wconf 79' lang='lat' dir='ltr'><strong>credam3</strong></span> 
     </span>
     <span class='ocr_line' id='line_1_5' title="bbox 138 720 1237 807; baseline 0.001 -23"><span class='ocrx_word' id='word_1_28' title='bbox 138 739 198 785; x_wconf 94' lang='lat' dir='ltr'><strong>nec</strong></span> <span class='ocrx_word' id='word_1_29' title='bbox 219 720 329 802; x_wconf 85' lang='lat' dir='ltr'><strong>video,</strong></span> <span class='ocrx_word' id='word_1_30' title='bbox 360 720 439 803; x_wconf 92' lang='lat' dir='ltr'><strong>quid</strong></span> <span class='ocrx_word' id='word_1_31' title='bbox 460 722 583 803; x_wconf 81' lang='lat' dir='ltr'>obstet,</span> <span class='ocrx_word' id='word_1_32' title='bbox 606 720 777 803; x_wconf 84' lang='lat' dir='ltr'>quominus</span> <span class='ocrx_word' id='word_1_33' title='bbox 800 721 886 806; x_wconf 85' lang='lat' dir='ltr'><strong>ipse,</strong></span> <span class='ocrx_word' id='word_1_34' title='bbox 915 722 943 787; x_wconf 93' lang='lat' dir='ltr'><strong>si</strong></span> <span class='ocrx_word' id='word_1_35' title='bbox 966 723 1104 807; x_wconf 88' lang='lat' dir='ltr'><strong>possim,</strong></span> <span class='ocrx_word' id='word_1_36' title='bbox 1128 720 1237 786; x_wconf 87' lang='lat' dir='ltr'><strong>alium</strong></span> 
     </span>
     <span class='ocr_line' id='line_1_6' title="bbox 139 831 434 899; baseline 0.01 -3"><span class='ocrx_word' id='word_1_37' title='bbox 139 831 236 898; x_wconf 88' lang='lat' dir='ltr'><strong>finem</strong></span> <span class='ocrx_word' id='word_1_38' title='bbox 262 831 434 899; x_wconf 89' lang='lat' dir='ltr'><strong>inveniam.</strong></span> 
     </span>
    </p>
   </div>
   <div class='ocr_carea' id='block_1_3' title="bbox 141 973 1239 1624">
    <p class='ocr_par' dir='ltr' id='par_1_3' title="bbox 141 973 1239 1624">
     <span class='ocr_line' id='line_1_7' title="bbox 223 973 1237 1060; baseline 0.003 -24"><span class='ocrx_word' id='word_1_39' title='bbox 223 973 335 1056; x_wconf 89' lang='lat' dir='ltr'><strong>itaque</strong></span> <span class='ocrx_word' id='word_1_40' title='bbox 357 974 491 1041; x_wconf 89' lang='lat' dir='ltr'><strong>missum</strong></span> <span class='ocrx_word' id='word_1_41' title='bbox 523 975 609 1041; x_wconf 90' lang='lat' dir='ltr'><strong>facio</strong></span> <span class='ocrx_word' id='word_1_42' title='bbox 637 977 781 1060; x_wconf 91' lang='lat' dir='ltr'><strong>leporem</strong></span> <span class='ocrx_word' id='word_1_43' title='bbox 808 975 878 1042; x_wconf 85' lang='lat' dir='ltr'><strong>sive</strong></span> <span class='ocrx_word' id='word_1_44' title='bbox 901 975 1060 1041; x_wconf 89' lang='lat' dir='ltr'><strong>marinum</strong></span> <span class='ocrx_word' id='word_1_45' title='bbox 1083 975 1154 1040; x_wconf 89' lang='lat' dir='ltr'><strong>sive</strong></span> <span class='ocrx_word' id='word_1_46' title='bbox 1177 975 1237 1040; x_wconf 93' lang='lat' dir='ltr'><strong>sil-</strong></span> 
     </span>
     <span class='ocr_line' id='line_1_8' title="bbox 141 1084 1238 1172; baseline 0.005 -23"><span class='ocrx_word' id='word_1_47' title='bbox 141 1084 298 1165; x_wconf 85' lang='lat' dir='ltr'><strong>vaticum3</strong></span> <span class='ocrx_word' id='word_1_48' title='bbox 323 1088 367 1151; x_wconf 87' lang='lat' dir='ltr'><strong>ad</strong></span> <span class='ocrx_word' id='word_1_49' title='bbox 384 1108 455 1154; x_wconf 88' lang='lat' dir='ltr'><strong>eam</strong></span> <span class='ocrx_word' id='word_1_50' title='bbox 474 1089 558 1154; x_wconf 89' lang='lat' dir='ltr'><strong>enim</strong></span> <span class='ocrx_word' id='word_1_51' title='bbox 578 1109 729 1155; x_wconf 80' lang='lat' dir='ltr'>scaenam</span> <span class='ocrx_word' id='word_1_52' title='bbox 748 1087 883 1154; x_wconf 76' lang='lat' dir='ltr'>festinat</span> <span class='ocrx_word' id='word_1_53' title='bbox 901 1087 1090 1172; x_wconf 88' lang='lat' dir='ltr'><strong>disputatio,</strong></span> <span class='ocrx_word' id='word_1_54' title='bbox 1106 1109 1174 1172; x_wconf 91' lang='lat' dir='ltr'><strong>qua</strong></span> <span class='ocrx_word' id='word_1_55' title='bbox 1193 1087 1238 1154; x_wconf 90' lang='lat' dir='ltr'><strong>de</strong></span> 
     </span>
     <span class='ocr_line' id='line_1_9' title="bbox 142 1200 1239 1288; baseline 0.004 -27"><span class='ocrx_word' id='word_1_56' title='bbox 142 1217 265 1263; x_wconf 91' lang='lat' dir='ltr'><strong>morum</strong></span> <span class='ocrx_word' id='word_1_57' title='bbox 288 1220 327 1265; x_wconf 89' lang='lat' dir='ltr'><strong>ac</strong></span> <span class='ocrx_word' id='word_1_58' title='bbox 349 1200 529 1266; x_wconf 88' lang='lat' dir='ltr'><strong>studiorum</strong></span> <span class='ocrx_word' id='word_1_59' title='bbox 551 1201 715 1288; x_wconf 84' lang='lat' dir='ltr'><strong>pravitate</strong></span> <span class='ocrx_word' id='word_1_60' title='bbox 738 1202 997 1286; x_wconf 82' lang='lat' dir='ltr'><strong>expostulantem</strong></span> <span class='ocrx_word' id='word_1_61' title='bbox 1027 1200 1105 1267; x_wconf 89' lang='lat' dir='ltr'><strong>fecit</strong></span> <span class='ocrx_word' id='word_1_62' title='bbox 1132 1205 1239 1286; x_wconf 89' lang='lat' dir='ltr'><strong>poeta</strong></span> 
     </span>
     <span class='ocr_line' id='line_1_10' title="bbox 143 1313 1238 1400; baseline 0.004 -26"><span class='ocrx_word' id='word_1_63' title='bbox 143 1316 269 1395; x_wconf 90' lang='lat' dir='ltr'><strong>patrem</strong></span> <span class='ocrx_word' id='word_1_64' title='bbox 291 1332 363 1378; x_wconf 92' lang='lat' dir='ltr'><strong>cum</strong></span> <span class='ocrx_word' id='word_1_65' title='bbox 385 1313 451 1378; x_wconf 88' lang='lat' dir='ltr'><strong>filio</strong></span> <span class='ocrx_word' id='word_1_66' title='bbox 474 1334 513 1379; x_wconf 91' lang='lat' dir='ltr'><strong>ao</strong></span> <span class='ocrx_word' id='word_1_67' title='bbox 534 1314 634 1379; x_wconf 91' lang='lat' dir='ltr'><strong>totius</strong></span> <span class='ocrx_word' id='word_1_68' title='bbox 656 1314 789 1381; x_wconf 86' lang='lat' dir='ltr'><strong>fabulae</strong></span> <span class='ocrx_word' id='word_1_69' title='bbox 816 1314 1022 1400; x_wconf 87' lang='lat' dir='ltr'><strong>potissimum</strong></span> <span class='ocrx_word' id='word_1_70' title='bbox 1048 1313 1238 1384; x_wconf 89' lang='lat' dir='ltr'><strong>institutum</strong></span> 
     </span>
     <span class='ocr_line' id='line_1_11' title="bbox 145 1424 1238 1513; baseline 0.006 -26"><span class='ocrx_word' id='word_1_71' title='bbox 145 1443 184 1488; x_wconf 87' lang='lat' dir='ltr'><strong>ac</strong></span> <span class='ocrx_word' id='word_1_72' title='bbox 206 1424 375 1490; x_wconf 88' lang='lat' dir='ltr'><strong>consilium</strong></span> <span class='ocrx_word' id='word_1_73' title='bbox 395 1426 593 1493; x_wconf 87' lang='lat' dir='ltr'><strong>illustrabat.</strong></span> <span class='ocrx_word' id='word_1_74' title='bbox 623 1427 678 1509; x_wconf 83' lang='lat' dir='ltr'><strong>(cf.</strong></span> <span class='ocrx_word' id='word_1_75' title='bbox 701 1428 836 1512; x_wconf 82' lang='lat' dir='ltr'><strong>Bergk</strong></span> <span class='ocrx_word' id='word_1_76' title='bbox 858 1450 889 1513; x_wconf 89' lang='lat' dir='ltr'><strong>p.</strong></span> <span class='ocrx_word' id='word_1_77' title='bbox 914 1429 982 1508; x_wconf 85' lang='lat'>138,</span> <span class='ocrx_word' id='word_1_78' title='bbox 1018 1427 1108 1493; x_wconf 87' lang='lat' dir='ltr'><strong>cuins</strong></span> <span class='ocrx_word' id='word_1_79' title='bbox 1130 1431 1238 1495; x_wconf 86' lang='lat' dir='ltr'><strong>verba</strong></span> 
     </span>
     <span class='ocr_line' id='line_1_12' title="bbox 143 1537 607 1624; baseline 0.004 -24"><span class='ocrx_word' id='word_1_80' title='bbox 143 1537 243 1604; x_wconf 82' lang='lat' dir='ltr'><strong>refert</strong></span> <span class='ocrx_word' id='word_1_81' title='bbox 266 1537 446 1623; x_wconf 87' lang='lat' dir='ltr'><strong>Blaydes</strong></span> <span class='ocrx_word' id='word_1_82' title='bbox 467 1561 498 1624; x_wconf 88' lang='lat' dir='ltr'><strong>p.</strong></span> <span class='ocrx_word' id='word_1_83' title='bbox 522 1539 607 1623; x_wconf 87' lang='grc'><strong>101.)</strong></span> 
     </span>
    </p>
   </div>
   <div class='ocr_carea' id='block_1_4' title="bbox 143 1668 1239 2104">
    <p class='ocr_par' dir='ltr' id='par_1_4' title="bbox 143 1668 1239 2104">
     <span class='ocr_line' id='line_1_13' title="bbox 226 1668 1239 1767; baseline 0.005 -24"><span class='ocrx_word' id='word_1_84' title='bbox 226 1698 324 1761; x_wconf 88' lang='lat' dir='ltr'><strong>quam</strong></span> <span class='ocrx_word' id='word_1_85' title='bbox 345 1680 388 1743; x_wconf 86' lang='lat' dir='ltr'><strong>ad</strong></span> <span class='ocrx_word' id='word_1_86' title='bbox 409 1700 561 1748; x_wconf 82' lang='lat' dir='ltr'><strong>scaenam</strong></span> <span class='ocrx_word' id='word_1_87' title='bbox 590 1682 729 1748; x_wconf 87' lang='lat' dir='ltr'><strong>retulere</strong></span> <span class='ocrx_word' id='word_1_88' title='bbox 756 1668 854 1765; x_wconf 86' lang='lat' dir='ltr'><strong>longe</strong></span> <span class='ocrx_word' id='word_1_89' title='bbox 881 1681 1020 1766; x_wconf 87' lang='lat' dir='ltr'><strong>plurimu</strong></span> <span class='ocrx_word' id='word_1_90' title='bbox 1045 1681 1239 1767; x_wconf 80' lang='lat' dir='ltr'><strong>fragmenta</strong></span> 
     </span>
     <span class='ocr_line' id='line_1_14' title="bbox 143 1788 1238 1880; baseline 0.008 -27"><span class='ocrx_word' id='word_1_91' title='bbox 143 1788 205 1854; x_wconf 89' lang='lat' dir='ltr'><strong>viri</strong></span> <span class='ocrx_word' id='word_1_92' title='bbox 225 1790 405 1857; x_wconf 79' lang='lat' dir='ltr'><strong>doctissimi</strong></span> <span class='ocrx_word' id='word_1_93' title='bbox 425 1799 457 1860; x_wconf 93' lang='lat' dir='ltr'><strong>et</strong></span> <span class='ocrx_word' id='word_1_94' title='bbox 476 1801 577 1860; x_wconf 92' lang='lat' dir='ltr'><strong>metro</strong></span> <span class='ocrx_word' id='word_1_95' title='bbox 595 1794 807 1879; x_wconf 79' lang='lat' dir='ltr'><strong>anapaestico</strong></span> <span class='ocrx_word' id='word_1_96' title='bbox 824 1801 856 1859; x_wconf 92' lang='lat' dir='ltr'><strong>et</strong></span> <span class='ocrx_word' id='word_1_97' title='bbox 875 1794 1016 1859; x_wconf 87' lang='lat' dir='ltr'><strong>iambico</strong></span> <span class='ocrx_word' id='word_1_98' title='bbox 1039 1795 1238 1880; x_wconf 84' lang='lat' dir='ltr'><strong>composita,</strong></span> 
     </span>
     <span class='ocr_line' id='line_1_15' title="bbox 144 1905 1238 1991; baseline 0.008 -26"><span class='ocrx_word' id='word_1_99' title='bbox 144 1920 228 1982; x_wconf 88' lang='lat' dir='ltr'><strong>quae</strong></span> <span class='ocrx_word' id='word_1_100' title='bbox 259 1909 376 1969; x_wconf 88' lang='lat' dir='ltr'><strong>cuncta</strong></span> <span class='ocrx_word' id='word_1_101' title='bbox 407 1905 451 1969; x_wconf 92' lang='lat' dir='ltr'><strong>ad</strong></span> <span class='ocrx_word' id='word_1_102' title='bbox 484 1906 625 1991; x_wconf 83' lang='lat' dir='ltr'><strong>litigium</strong></span> <span class='ocrx_word' id='word_1_103' title='bbox 655 1906 817 1989; x_wconf 89' lang='lat' dir='ltr'><strong>quoddam</strong></span> <span class='ocrx_word' id='word_1_104' title='bbox 846 1906 1009 1991; x_wconf 91' lang='lat' dir='ltr'><strong>pertinere</strong></span> <span class='ocrx_word' id='word_1_105' title='bbox 1042 1905 1142 1973; x_wconf 84' lang='lat' dir='ltr'><strong>facile</strong></span> <span class='ocrx_word' id='word_1_106' title='bbox 1173 1910 1238 1976; x_wconf 90' lang='lat' dir='ltr'><strong>tibi</strong></span> 
     </span>
     <span class='ocr_line' id='line_1_16' title="bbox 144 2017 1193 2104; baseline 0.007 -25"><span class='ocrx_word' id='word_1_107' title='bbox 144 2017 358 2098; x_wconf 87' lang='lat' dir='ltr'><strong>persuaseris.</strong></span> <span class='ocrx_word' id='word_1_108' title='bbox 393 2025 468 2084; x_wconf 87' lang='lat' dir='ltr'><strong>sunt</strong></span> <span class='ocrx_word' id='word_1_109' title='bbox 490 2026 598 2085; x_wconf 90' lang='lat' dir='ltr'><strong>autem</strong></span> <span class='ocrx_word' id='word_1_110' title='bbox 620 2019 758 2104; x_wconf 91' lang='lat' dir='ltr'><strong>primum</strong></span> <span class='ocrx_word' id='word_1_111' title='bbox 779 2039 894 2084; x_wconf 87' lang='lat' dir='ltr'><strong>versus</strong></span> <span class='ocrx_word' id='word_1_112' title='bbox 916 2019 1118 2104; x_wconf 87' lang='lat' dir='ltr'><strong>anapaestici</strong></span> <span class='ocrx_word' id='word_1_113' title='bbox 1141 2020 1193 2086; x_wconf 92' lang='lat' dir='ltr'><strong>hi:</strong></span> 
     </span>
    </p>
   </div>
   <div class='ocr_carea' id='block_1_5' title="bbox 203 2178 1239 2290">
    <p class='ocr_par' dir='ltr' id='par_1_5' title="bbox 203 2178 1239 2290">
     <span class='ocr_line' id='line_1_17' title="bbox 203 2178 1239 2290; baseline 0.002 -42"><span class='ocrx_word' id='word_1_114' title='bbox 203 2184 229 2248; x_wconf 84' lang='lat' dir='ltr'><strong>l.</strong></span> <span class='ocrx_word' id='word_1_115' title='bbox 252 2182 390 2288; x_wconf 50' lang='lat' dir='ltr'><strong>&amp;mh</strong></span> <span class='ocrx_word' id='word_1_116' title='bbox 424 2189 437 2290; x_wconf 83' lang='lat'>)</span> <span class='ocrx_word' id='word_1_117' title='bbox 468 2178 544 2249; x_wconf 78' lang='grc' dir='ltr'><em>ἇσον</em></span> <span class='ocrx_word' id='word_1_118' title='bbox 580 2183 618 2273; x_wconf 74' lang='grc' dir='ltr'><strong>δή</strong></span> <span class='ocrx_word' id='word_1_119' title='bbox 651 2211 705 2267; x_wconf 87' lang='grc' dir='ltr'><strong>μοι</strong></span> <span class='ocrx_word' id='word_1_120' title='bbox 738 2181 861 2250; x_wconf 80' lang='grc' dir='ltr'><em>σκόλιόν</em></span> <span class='ocrx_word' id='word_1_121' title='bbox 894 2210 923 2249; x_wconf 85' lang='grc' dir='ltr'><strong>τι</strong></span> <span class='ocrx_word' id='word_1_122' title='bbox 954 2183 1061 2264; x_wconf 78' lang='grc' dir='ltr'><em>λαβὼν</em></span> <span class='ocrx_word' id='word_1_123' title='bbox 1086 2183 1239 2251; x_wconf 75' lang='grc' dir='ltr'><strong><em>Ἀλκαίου</em></strong></span> 
     </span>
    </p>
   </div>
   <div class='ocr_carea' id='block_1_6' title="bbox 293 2238 1086 2382">
    <p class='ocr_par' dir='ltr' id='par_1_6' title="bbox 293 2238 1086 2382">
     <span class='ocr_line' id='line_1_18' title="bbox 293 2238 480 2291; baseline -0.021 -11"><span class='ocrx_word' id='word_1_124' title='bbox 293 2238 423 2291; x_wconf 68' lang='lat' dir='ltr'><strong>ourayues.</strong></span> <span class='ocrx_word' id='word_1_125' title='bbox 473 2253 480 2276; x_wconf 62' lang='lat' dir='ltr'><strong>a</strong></span> 
     </span>
     <span class='ocr_line' id='line_1_19' title="bbox 871 2296 1086 2382; baseline -0.005 -21"><span class='ocrx_word' id='word_1_126' title='bbox 871 2296 1086 2382; x_wconf 71' lang='grc' dir='ltr'><em>κάνακρέοντος</em></span> 
     </span>
    </p>
   </div>
   <div class='ocr_carea' id='block_1_7' title="bbox 196 2437 1241 3090">
    <p class='ocr_par' dir='ltr' id='par_1_7' title="bbox 196 2437 1241 3090">
     <span class='ocr_line' id='line_1_20' title="bbox 196 2437 1237 2548; baseline -0.002 -40"><span class='ocrx_word' id='word_1_127' title='bbox 196 2447 229 2508; x_wconf 84' lang='lat' dir='ltr'><strong>et</strong></span> <span class='ocrx_word' id='word_1_128' title='bbox 264 2444 370 2548; x_wconf 41' lang='lat'><strong>219135)</strong></span> <span class='ocrx_word' id='word_1_129' title='bbox 392 2445 435 2508; x_wconf 86' lang='lat' dir='ltr'><strong>A:</strong></span> <span class='ocrx_word' id='word_1_130' title='bbox 459 2442 535 2527; x_wconf 82' lang='grc' dir='ltr'><em>πρὸς</em></span> <span class='ocrx_word' id='word_1_131' title='bbox 555 2450 655 2507; x_wconf 80' lang='grc' dir='ltr'>ταῦτα</span> <span class='ocrx_word' id='word_1_132' title='bbox 679 2442 717 2506; x_wconf 84' lang='grc' dir='ltr'><strong>σὺ</strong></span> <span class='ocrx_word' id='word_1_133' title='bbox 738 2442 822 2516; x_wconf 58' lang='lat' dir='ltr'><strong>tegor</strong></span> <span class='ocrx_word' id='word_1_134' title='bbox 840 2439 979 2526; x_wconf 76' lang='grc' dir='ltr'><em>Ὁμήρου</em></span> <span class='ocrx_word' id='word_1_135' title='bbox 1000 2442 1067 2520; x_wconf 73' lang='grc' dir='ltr'><strong>ἐμοὶ</strong></span> <span class='ocrx_word' id='word_1_136' title='bbox 1086 2437 1237 2524; x_wconf 77' lang='grc' dir='ltr'><strong><em>γλώττας,</em></strong></span> 
     </span>
     <span class='ocr_line' id='line_1_21' title="bbox 868 2550 1236 2638; baseline 0.003 -22"><span class='ocrx_word' id='word_1_137' title='bbox 868 2555 900 2616; x_wconf 85' lang='grc' dir='ltr'><strong>τί</strong></span> <span class='ocrx_word' id='word_1_138' title='bbox 926 2558 1053 2617; x_wconf 78' lang='grc' dir='ltr'><em>καλοῦσι</em></span> <span class='ocrx_word' id='word_1_139' title='bbox 1074 2550 1236 2638; x_wconf 74' lang='grc' dir='ltr'><strong><em>κόρυμβα;</em></strong></span> 
     </span>
     <span class='ocr_line' id='line_1_22' title="bbox 564 2663 1185 2749; baseline 0 -20"><span class='ocrx_word' id='word_1_140' title='bbox 564 2669 585 2729; x_wconf 83' lang='lat' dir='ltr'><strong>i·</strong></span> <span class='ocrx_word' id='word_1_141' title='bbox 607 2671 628 2726; x_wconf 81' lang='lat'>÷</span> <span class='ocrx_word' id='word_1_142' title='bbox 648 2669 670 2729; x_wconf 84' lang='lat' dir='ltr'><strong>i·</strong></span> <span class='ocrx_word' id='word_1_143' title='bbox 690 2669 723 2730; x_wconf 82' lang='grc' dir='ltr'><strong>τί</strong></span> <span class='ocrx_word' id='word_1_144' title='bbox 740 2663 865 2733; x_wconf 80' lang='grc' dir='ltr'><strong><em>καλοῦσ’</em></strong></span> <span class='ocrx_word' id='word_1_145' title='bbox 891 2665 1025 2748; x_wconf 75' lang='grc' dir='ltr'><em>ἀμενηνὰ</em></span> <span class='ocrx_word' id='word_1_146' title='bbox 1047 2663 1185 2749; x_wconf 62' lang='grc' dir='ltr'><em>κάρφος</em></span> 
     </span>
     <span class='ocr_line' id='line_1_23' title="bbox 326 2767 1241 2863; baseline -0.003 -16"><span class='ocrx_word' id='word_1_147' title='bbox 326 2780 368 2847; x_wconf 88' lang='lat' dir='ltr'><strong>B:</strong></span> <span class='ocrx_word' id='word_1_148' title='bbox 392 2776 409 2842; x_wconf 86' lang='grc' dir='ltr'>ὁ</span> <span class='ocrx_word' id='word_1_149' title='bbox 433 2779 490 2857; x_wconf 78' lang='grc' dir='ltr'><strong>μὲν</strong></span> <span class='ocrx_word' id='word_1_150' title='bbox 512 2770 567 2844; x_wconf 78' lang='grc' dir='ltr'><strong>οὖν</strong></span> <span class='ocrx_word' id='word_1_151' title='bbox 588 2778 641 2852; x_wconf 86' lang='grc' dir='ltr'><strong>σὸς</strong></span> <span class='ocrx_word' id='word_1_152' title='bbox 664 2777 737 2857; x_wconf 73' lang='grc' dir='ltr'>ἐμὸς</span> <span class='ocrx_word' id='word_1_153' title='bbox 758 2776 786 2840; x_wconf 80' lang='grc' dir='ltr'><strong>δ’</strong></span> <span class='ocrx_word' id='word_1_154' title='bbox 812 2767 902 2852; x_wconf 76' lang='grc' dir='ltr'><em>οὗτος</em></span> <span class='ocrx_word' id='word_1_155' title='bbox 923 2775 1053 2863; x_wconf 76' lang='grc' dir='ltr'><strong>ἀδελφὸς</strong></span> <span class='ocrx_word' id='word_1_156' title='bbox 1074 2775 1241 2863; x_wconf 78' lang='grc' dir='ltr'><strong><em>φρασάτω,</em></strong></span> 
     </span>
     <span class='ocr_line' id='line_1_24' title="bbox 866 2893 1220 2972; baseline 0.008 -20"><span class='ocrx_word' id='word_1_157' title='bbox 866 2894 896 2952; x_wconf 79' lang='grc' dir='ltr'><strong>τί</strong></span> <span class='ocrx_word' id='word_1_158' title='bbox 916 2896 1061 2956; x_wconf 82' lang='grc' dir='ltr'><em>καλοῦσιν</em></span> <span class='ocrx_word' id='word_1_159' title='bbox 1082 2893 1220 2972; x_wconf 76' lang='grc' dir='ltr'><strong>ῖὸοίους,·</strong></span> 
     </span>
     <span class='ocr_line' id='line_1_25' title="bbox 568 3001 1081 3090; baseline -0.002 -23"><span class='ocrx_word' id='word_1_160' title='bbox 568 3005 588 3067; x_wconf 77' lang='lat' dir='ltr'><strong>’i</strong></span> <span class='ocrx_word' id='word_1_161' title='bbox 609 3004 630 3063; x_wconf 82' lang='lat'>÷</span> <span class='ocrx_word' id='word_1_162' title='bbox 651 3004 672 3063; x_wconf 83' lang='lat'>÷</span> <span class='ocrx_word' id='word_1_163' title='bbox 695 3003 728 3066; x_wconf 79' lang='grc' dir='ltr'><strong>τί</strong></span> <span class='ocrx_word' id='word_1_164' title='bbox 744 3007 890 3066; x_wconf 80' lang='grc' dir='ltr'><em>καλοῦσιν</em></span> <span class='ocrx_word' id='word_1_165' title='bbox 912 3001 1041 3083; x_wconf 54' lang='lat' dir='ltr'><strong>invicem·</strong></span> <span class='ocrx_word' id='word_1_166' title='bbox 1054 3005 1081 3090; x_wconf 75' lang='lat'><strong>⁹)</strong></span> 
     </span>
    </p>
   </div>
   <div class='ocr_carea' id='block_1_8' title="bbox 145 3297 1241 4188">
    <p class='ocr_par' dir='ltr' id='par_1_8' title="bbox 145 3297 1241 4188">
     <span class='ocr_line' id='line_1_26' title="bbox 217 3297 1241 3383; baseline -0.004 -19"><span class='ocrx_word' id='word_1_167' title='bbox 217 3312 244 3383; x_wconf 88' lang='grc'><strong>9)</strong></span> <span class='ocrx_word' id='word_1_168' title='bbox 265 3317 296 3363; x_wconf 89' lang='lat' dir='ltr'><strong>de</strong></span> <span class='ocrx_word' id='word_1_169' title='bbox 315 3312 398 3363; x_wconf 86' lang='lat' dir='ltr'><strong>verbis</strong></span> <span class='ocrx_word' id='word_1_170' title='bbox 415 3313 500 3376; x_wconf 83' lang='lat' dir='ltr'><strong>placet</strong></span> <span class='ocrx_word' id='word_1_171' title='bbox 517 3310 615 3374; x_wconf 84' lang='lat' dir='ltr'><strong>aliquid</strong></span> <span class='ocrx_word' id='word_1_172' title='bbox 634 3310 745 3376; x_wconf 79' lang='lat' dir='ltr'><strong>addere3</strong></span> <span class='ocrx_word' id='word_1_173' title='bbox 764 3324 825 3358; x_wconf 82' lang='lat' dir='ltr'><strong>nem</strong></span> <span class='ocrx_word' id='word_1_174' title='bbox 844 3311 875 3358; x_wconf 92' lang='lat' dir='ltr'><strong>de</strong></span> <span class='ocrx_word' id='word_1_175' title='bbox 893 3325 916 3358; x_wconf 89' lang='lat' dir='ltr'><strong>v.</strong></span> <span class='ocrx_word' id='word_1_176' title='bbox 939 3313 970 3360; x_wconf 83' lang='lat'><strong>3:</strong></span> <span class='ocrx_word' id='word_1_177' title='bbox 991 3306 1022 3373; x_wconf 78' lang='lat' dir='ltr'><strong>„ri</strong></span> <span class='ocrx_word' id='word_1_178' title='bbox 1041 3305 1096 3377; x_wconf 78' lang='grc' dir='ltr'><strong>μὲν</strong></span> <span class='ocrx_word' id='word_1_179' title='bbox 1116 3297 1167 3360; x_wconf 83' lang='grc' dir='ltr'><strong>οὖν</strong></span> <span class='ocrx_word' id='word_1_180' title='bbox 1186 3304 1241 3368; x_wconf 82' lang='grc' dir='ltr'><strong>σὸς</strong></span> 
     </span>
     <span class='ocr_line' id='line_1_27' title="bbox 146 3410 1237 3485; baseline -0.005 -19"><span class='ocrx_word' id='word_1_181' title='bbox 146 3411 215 3485; x_wconf 76' lang='grc' dir='ltr'><strong><em>ἐμὸς</em></strong></span> <span class='ocrx_word' id='word_1_182' title='bbox 233 3411 260 3466; x_wconf 75' lang='grc' dir='ltr'><strong>δ’</strong></span> <span class='ocrx_word' id='word_1_183' title='bbox 271 3416 344 3466; x_wconf 55' lang='lat' dir='ltr'><strong>arist</strong></span> <span class='ocrx_word' id='word_1_184' title='bbox 365 3415 475 3464; x_wconf 89' lang='lat' dir='ltr'><strong>multum</strong></span> <span class='ocrx_word' id='word_1_185' title='bbox 493 3413 640 3463; x_wconf 82' lang='lat' dir='ltr'><strong>laboravere</strong></span> <span class='ocrx_word' id='word_1_186' title='bbox 659 3411 707 3461; x_wconf 82' lang='lat' dir='ltr'><strong>viri</strong></span> <span class='ocrx_word' id='word_1_187' title='bbox 724 3410 876 3472; x_wconf 83' lang='lat' dir='ltr'><strong>doetissimi3</strong></span> <span class='ocrx_word' id='word_1_188' title='bbox 896 3413 940 3460; x_wconf 87' lang='lat' dir='ltr'><strong>sed</strong></span> <span class='ocrx_word' id='word_1_189' title='bbox 957 3413 1026 3474; x_wconf 92' lang='lat' dir='ltr'><strong>quod</strong></span> <span class='ocrx_word' id='word_1_190' title='bbox 1045 3412 1130 3459; x_wconf 82' lang='lat' dir='ltr'><strong>adhuc</strong></span> <span class='ocrx_word' id='word_1_191' title='bbox 1148 3423 1237 3460; x_wconf 90' lang='lat' dir='ltr'><strong>emen·</strong></span> 
     </span>
     <span class='ocr_line' id='line_1_28' title="bbox 145 3511 1238 3577; baseline -0.005 -10"><span class='ocrx_word' id='word_1_192' title='bbox 145 3517 255 3567; x_wconf 80' lang='lat' dir='ltr'><strong>dationis</strong></span> <span class='ocrx_word' id='word_1_193' title='bbox 264 3518 373 3567; x_wconf 84' lang='lat' dir='ltr'><strong>allatum</strong></span> <span class='ocrx_word' id='word_1_194' title='bbox 391 3523 437 3577; x_wconf 89' lang='lat' dir='ltr'><strong>est,</strong></span> <span class='ocrx_word' id='word_1_195' title='bbox 456 3530 508 3564; x_wconf 91' lang='lat' dir='ltr'><strong>non</strong></span> <span class='ocrx_word' id='word_1_196' title='bbox 526 3516 562 3564; x_wconf 83' lang='lat' dir='ltr'><strong>ita</strong></span> <span class='ocrx_word' id='word_1_197' title='bbox 573 3513 671 3564; x_wconf 82' lang='lat' dir='ltr'><strong>uidetur</strong></span> <span class='ocrx_word' id='word_1_198' title='bbox 688 3513 827 3577; x_wconf 81' lang='lat' dir='ltr'><strong>probabile,</strong></span> <span class='ocrx_word' id='word_1_199' title='bbox 858 3512 1030 3562; x_wconf 79' lang='lat' dir='ltr'><strong>Fritusche</strong></span> <span class='ocrx_word' id='word_1_200' title='bbox 1048 3511 1151 3574; x_wconf 89' lang='lat' dir='ltr'><strong>quidem</strong></span> <span class='ocrx_word' id='word_1_201' title='bbox 1164 3514 1238 3575; x_wconf 88' lang='lat' dir='ltr'><strong>quod</strong></span> 
     </span>
     <span class='ocr_line' id='line_1_29' title="bbox 145 3600 1239 3686; baseline -0.005 -18"><span class='ocrx_word' id='word_1_202' title='bbox 145 3619 253 3669; x_wconf 89' lang='lat' dir='ltr'><strong>coniecit</strong></span> <span class='ocrx_word' id='word_1_203' title='bbox 279 3615 316 3686; x_wconf 91' lang='lat' dir='ltr'><strong>(p.</strong></span> <span class='ocrx_word' id='word_1_204' title='bbox 337 3614 382 3685; x_wconf 74' lang='lat'><strong>44)</strong></span> <span class='ocrx_word' id='word_1_205' title='bbox 412 3613 442 3680; x_wconf 74' lang='lat' dir='ltr'><strong>„ci</strong></span> <span class='ocrx_word' id='word_1_206' title='bbox 462 3613 527 3685; x_wconf 80' lang='grc' dir='ltr'><strong>μὲν</strong></span> <span class='ocrx_word' id='word_1_207' title='bbox 545 3600 564 3665; x_wconf 75' lang='lat' dir='ltr'><strong>ri</strong></span> <span class='ocrx_word' id='word_1_208' title='bbox 572 3632 585 3673; x_wconf 84' lang='grc' dir='ltr'><em>ς</em></span> <span class='ocrx_word' id='word_1_209' title='bbox 604 3609 644 3666; x_wconf 78' lang='lat' dir='ltr'><strong>uri</strong></span> <span class='ocrx_word' id='word_1_210' title='bbox 652 3632 679 3682; x_wconf 78' lang='grc' dir='ltr'><strong>ς,</strong></span> <span class='ocrx_word' id='word_1_211' title='bbox 698 3609 766 3684; x_wconf 69' lang='grc' dir='ltr'><strong>ἐμὸς</strong></span> <span class='ocrx_word' id='word_1_212' title='bbox 784 3610 810 3665; x_wconf 79' lang='grc' dir='ltr'><strong>δ’</strong></span> <span class='ocrx_word' id='word_1_213' title='bbox 833 3600 915 3670; x_wconf 81' lang='grc' dir='ltr'><em>οὗτος</em></span> <span class='ocrx_word' id='word_1_214' title='bbox 932 3607 1057 3679; x_wconf 75' lang='grc' dir='ltr'><strong>ἀδελφὸς</strong></span> <span class='ocrx_word' id='word_1_215' title='bbox 1077 3613 1159 3673; x_wconf 53' lang='grc' dir='ltr'><strong>νηλέι,</strong></span> <span class='ocrx_word' id='word_1_216' title='bbox 1183 3628 1239 3663; x_wconf 90' lang='lat' dir='ltr'><strong>non</strong></span> 
     </span>
     <span class='ocr_line' id='line_1_30' title="bbox 145 3714 1238 3784; baseline -0.008 -13"><span class='ocrx_word' id='word_1_217' title='bbox 145 3737 241 3784; x_wconf 88' lang='lat' dir='ltr'><strong>vereor,</strong></span> <span class='ocrx_word' id='word_1_218' title='bbox 259 3736 291 3771; x_wconf 91' lang='lat' dir='ltr'><strong>ne</strong></span> <span class='ocrx_word' id='word_1_219' title='bbox 309 3719 351 3769; x_wconf 91' lang='lat' dir='ltr'><strong>cui</strong></span> <span class='ocrx_word' id='word_1_220' title='bbox 368 3718 488 3783; x_wconf 87' lang='lat' dir='ltr'><strong>probarit.</strong></span> <span class='ocrx_word' id='word_1_221' title='bbox 514 3719 625 3768; x_wconf 91' lang='lat' dir='ltr'><strong>concedo</strong></span> <span class='ocrx_word' id='word_1_222' title='bbox 644 3733 691 3779; x_wconf 82' lang='lat' dir='ltr'><strong>ego</strong></span> <span class='ocrx_word' id='word_1_223' title='bbox 710 3717 814 3781; x_wconf 89' lang='lat' dir='ltr'><strong>quidem</strong></span> <span class='ocrx_word' id='word_1_224' title='bbox 834 3744 865 3753; x_wconf 99' lang='lat'><em>-</em></span> <span class='ocrx_word' id='word_1_225' title='bbox 885 3731 945 3765; x_wconf 83' lang='lat' dir='ltr'><strong>nem</strong></span> <span class='ocrx_word' id='word_1_226' title='bbox 964 3715 1021 3778; x_wconf 85' lang='lat' dir='ltr'><strong>quis</strong></span> <span class='ocrx_word' id='word_1_227' title='bbox 1039 3714 1180 3778; x_wconf 79' lang='lat' dir='ltr'><strong>repugnet?</strong></span> <span class='ocrx_word' id='word_1_228' title='bbox 1201 3743 1238 3753; x_wconf 94' lang='lat'><em>-</em></span> 
     </span>
     <span class='ocr_line' id='line_1_31' title="bbox 145 3808 1239 3888; baseline -0.006 -17"><span class='ocrx_word' id='word_1_229' title='bbox 145 3808 191 3888; x_wconf 73' lang='lat' dir='ltr'><strong>cir,</strong></span> <span class='ocrx_word' id='word_1_230' title='bbox 217 3819 317 3888; x_wconf 81' lang='grc' dir='ltr'><em>ὐηνίαν</em></span> <span class='ocrx_word' id='word_1_231' title='bbox 346 3821 424 3871; x_wconf 82' lang='lat' dir='ltr'><strong>etiam</strong></span> <span class='ocrx_word' id='word_1_232' title='bbox 448 3821 475 3869; x_wconf 88' lang='lat' dir='ltr'><strong>iu</strong></span> <span class='ocrx_word' id='word_1_233' title='bbox 499 3819 605 3869; x_wconf 81' lang='lat' dir='ltr'><strong>stolidos</strong></span> <span class='ocrx_word' id='word_1_234' title='bbox 622 3818 738 3869; x_wconf 85' lang='lat' dir='ltr'><strong>homines</strong></span> <span class='ocrx_word' id='word_1_235' title='bbox 756 3827 782 3868; x_wconf 89' lang='lat' dir='ltr'><strong>et</strong></span> <span class='ocrx_word' id='word_1_236' title='bbox 810 3818 837 3867; x_wconf 91' lang='lat' dir='ltr'><strong>iu</strong></span> <span class='ocrx_word' id='word_1_237' title='bbox 865 3816 999 3867; x_wconf 87' lang='lat' dir='ltr'><strong>stultitiam</strong></span> <span class='ocrx_word' id='word_1_238' title='bbox 1016 3815 1080 3877; x_wconf 87' lang='lat' dir='ltr'><strong>dici,</strong></span> <span class='ocrx_word' id='word_1_239' title='bbox 1108 3823 1136 3864; x_wconf 94' lang='lat' dir='ltr'><strong>ut</strong></span> <span class='ocrx_word' id='word_1_240' title='bbox 1166 3819 1239 3879; x_wconf 90' lang='lat' dir='ltr'><strong>apud</strong></span> 
     </span>
     <span class='ocr_line' id='line_1_32' title="bbox 146 3917 1239 3983; baseline -0.002 -11"><span class='ocrx_word' id='word_1_241' title='bbox 146 3923 277 3972; x_wconf 82' lang='lat' dir='ltr'><strong>Romanos</strong></span> <span class='ocrx_word' id='word_1_242' title='bbox 294 3938 365 3972; x_wconf 83' lang='lat' dir='ltr'><strong>suem</strong></span> <span class='ocrx_word' id='word_1_243' title='bbox 383 3922 534 3983; x_wconf 82' lang='lat' dir='ltr'><strong>Minervam,</strong></span> <span class='ocrx_word' id='word_1_244' title='bbox 557 3937 629 3971; x_wconf 88' lang='lat' dir='ltr'><strong>suem</strong></span> <span class='ocrx_word' id='word_1_245' title='bbox 648 3928 783 3982; x_wconf 75' lang='lat' dir='ltr'><strong>oratorem,</strong></span> <span class='ocrx_word' id='word_1_246' title='bbox 802 3927 831 3968; x_wconf 89' lang='lat' dir='ltr'><strong>ut</strong></span> <span class='ocrx_word' id='word_1_247' title='bbox 848 3920 917 3982; x_wconf 83' lang='lat' dir='ltr'><strong>apud</strong></span> <span class='ocrx_word' id='word_1_248' title='bbox 934 3917 1074 3966; x_wconf 83' lang='lat' dir='ltr'><strong>Pindarum</strong></span> <span class='ocrx_word' id='word_1_249' title='bbox 1092 3919 1239 3970; x_wconf 82' lang='grc' dir='ltr'><em>Βοιωτίαν</em></span> 
     </span>
     <span class='ocr_line' id='line_1_33' title="bbox 146 4010 1237 4086; baseline -0.007 -13"><span class='ocrx_word' id='word_1_250' title='bbox 146 4010 190 4077; x_wconf 80' lang='grc' dir='ltr'><strong>ὗν.</strong></span> <span class='ocrx_word' id='word_1_251' title='bbox 208 4024 234 4073; x_wconf 89' lang='lat' dir='ltr'><strong>id</strong></span> <span class='ocrx_word' id='word_1_252' title='bbox 252 4039 331 4073; x_wconf 90' lang='lat' dir='ltr'><strong>unum</strong></span> <span class='ocrx_word' id='word_1_253' title='bbox 349 4031 431 4085; x_wconf 85' lang='lat' dir='ltr'><strong>teneo,</strong></span> <span class='ocrx_word' id='word_1_254' title='bbox 450 4039 502 4086; x_wconf 90' lang='lat' dir='ltr'><strong>quo</strong></span> <span class='ocrx_word' id='word_1_255' title='bbox 521 4023 594 4073; x_wconf 82' lang='lat' dir='ltr'><strong>facile</strong></span> <span class='ocrx_word' id='word_1_256' title='bbox 610 4037 682 4072; x_wconf 84' lang='lat' dir='ltr'><strong>suem</strong></span> <span class='ocrx_word' id='word_1_257' title='bbox 700 4037 802 4071; x_wconf 90' lang='lat' dir='ltr'><strong>omnem</strong></span> <span class='ocrx_word' id='word_1_258' title='bbox 820 4027 931 4070; x_wconf 84' lang='lat' dir='ltr'><strong>evertas:</strong></span> <span class='ocrx_word' id='word_1_259' title='bbox 951 4018 972 4067; x_wconf 86' lang='lat' dir='ltr'><strong>ei</strong></span> <span class='ocrx_word' id='word_1_260' title='bbox 991 4020 1094 4068; x_wconf 79' lang='lat' dir='ltr'><strong>fratrem</strong></span> <span class='ocrx_word' id='word_1_261' title='bbox 1107 4017 1150 4066; x_wconf 88' lang='lat' dir='ltr'><strong>ille</strong></span> <span class='ocrx_word' id='word_1_262' title='bbox 1164 4031 1237 4066; x_wconf 88' lang='lat' dir='ltr'><strong>suem</strong></span> 
     </span>
     <span class='ocr_line' id='line_1_34' title="bbox 146 4117 1235 4188; baseline -0.007 -14"><span class='ocrx_word' id='word_1_263' title='bbox 146 4132 261 4175; x_wconf 83' lang='lat' dir='ltr'><strong>vocasset</strong></span> <span class='ocrx_word' id='word_1_264' title='bbox 279 4140 355 4188; x_wconf 85' lang='lat' dir='ltr'><strong>seque</strong></span> <span class='ocrx_word' id='word_1_265' title='bbox 373 4124 448 4173; x_wconf 84' lang='lat' dir='ltr'><strong>simul</strong></span> <span class='ocrx_word' id='word_1_266' title='bbox 466 4124 535 4174; x_wconf 85' lang='lat' dir='ltr'><strong>illius</strong></span> <span class='ocrx_word' id='word_1_267' title='bbox 553 4124 604 4173; x_wconf 82' lang='lat' dir='ltr'><strong>suis</strong></span> <span class='ocrx_word' id='word_1_268' title='bbox 615 4125 726 4184; x_wconf 78' lang='lat' dir='ltr'><strong>fratrem,</strong></span> <span class='ocrx_word' id='word_1_269' title='bbox 745 4121 828 4185; x_wconf 84' lang='lat' dir='ltr'><strong>ipsum</strong></span> <span class='ocrx_word' id='word_1_270' title='bbox 844 4121 945 4170; x_wconf 88' lang='lat' dir='ltr'><strong>hercule</strong></span> <span class='ocrx_word' id='word_1_271' title='bbox 960 4119 1093 4169; x_wconf 91' lang='lat' dir='ltr'><strong>ridiculum</strong></span> <span class='ocrx_word' id='word_1_272' title='bbox 1106 4117 1189 4168; x_wconf 82' lang='lat' dir='ltr'><strong>fuisse.</strong></span> <span class='ocrx_word' id='word_1_273' title='bbox 1201 4147 1235 4156; x_wconf 95' lang='lat'>—</span> 
     </span>
    </p>
   </div>
   <div class='ocr_carea' id='block_1_9' title="bbox 0 0 1387 4574">
    <p class='ocr_par' dir='ltr' id='par_1_9' title="bbox 0 0 1387 4574">
     <span class='ocr_line' id='line_1_35' title="bbox 0 0 1387 4574; baseline 0 0"><span class='ocrx_word' id='word_1_274' title='bbox 0 0 1387 4574; x_wconf 95' lang='lat' dir='ltr'><strong> </strong></span> 
     </span>
    </p>
   </div>
  </div>
 </body>
</html>
