2754 4574
616 164 822 232 ..⁴14m

175 374 265 440 haud
287 394 411 454 vereor,
432 391 472 437 ne
491 370 563 454 quis
585 369 688 448 dicat3
711 389 817 453 neque
838 367 922 434 enim
944 366 1014 451 regi
1029 366 1177 434 archonti
1192 387 1266 452 pro·

176 487 285 553 babile
307 490 357 551 est
382 486 488 550 locum
510 483 612 548 fuisse
634 483 668 546 in
690 481 873 559 comoedia,
902 480 1050 565 quamvis
1080 481 1265 565 suspicatus

177 599 220 664 sit
241 597 446 677 Fritzche,
468 603 500 661 ct
521 600 624 660 totum
645 594 736 658 illurn
758 594 863 658 locum
876 592 963 658 infra
980 592 1077 659 facile
1093 593 1267 678 apparebit

177 711 409 777 alienissimum
433 727 505 774 esse
527 728 547 771 a
570 707 693 772 fabula.

259 846 318 890 nec
339 823 445 888 minus
466 842 530 887 non
553 839 651 905 posse
672 819 803 886 tolerari
827 820 958 886 chorum
982 826 1151 886 cenantem
1171 818 1266 884 intel-

176 938 297 1021 legitur
324 957 364 1002 ex
386 935 460 1000 aliis
483 934 608 999 duobus
630 933 721 1015 locis,
744 952 823 1017 quos
846 933 1119 998 Fritzschium
1143 932 1188 1017 (p.
1210 935 1265 1013 23)

177 1049 475 1134 Bergkiumque
504 1049 549 1132 (p.
573 1049 646 1127 136)
684 1046 787 1112 secuti
816 1047 953 1112 attulere
982 1046 1042 1112 uiri
1073 1045 1267 1128 doctissimi,

178 1163 295 1246 quibus
318 1162 415 1243 locis,
442 1181 581 1245 quanam
603 1161 728 1226 ratione
749 1159 951 1225 introductus
975 1179 995 1222 a
1018 1164 1117 1243 poeta
1150 1159 1267 1225 chorus

178 1277 230 1359 sit,
253 1275 408 1342 facillime
430 1274 534 1359 possit
556 1273 743 1358 disceptari.

260 1390 382 1474 primus
395 1394 444 1454 est
457 1389 548 1454 locus
560 1388 689 1453 Orionis
712 1408 743 1471 p.
757 1389 807 1467 49,
827 1388 883 1451 1οε
906 1387 956 1448 καὶ
974 1387 1139 1459 Accolae
1160 1387 1265 1468 δρᾶμα

173 1498 421 1586 Ἀριστοφάνους,
444 1500 544 1587 ἐπειδὴ
567 1501 598 1563 ἓν
620 1501 690 1586 ἱερῷ
707 1496 894 1582 Ἡρακλέους
915 1500 1103 1573 δειπνοῦντες
1123 1501 1173 1560 καὶ
1195 1497 1268 1561 άνα-

179 1613 304 1688 στάντες
322 1615 408 1696 χοροὶ
444 1589 577 1695 ἐγένοντο
585 1661 592 1690 ,
629 1633 691 1696 quo
723 1612 868 1677 adhibito
896 1611 937 1676 dc
965 1611 1064 1677 choro
1093 1612 1269 1698 explicavit

179 1726 312 1808 Bergk
338 1729 382 1810 (p.
408 1728 484 1809 136)
506 1726 570 1790 ita:
603 1725 752 1791 convivio
774 1725 863 1790 finito
887 1723 1034 1806 eosdem,
1068 1725 1121 1808 qui
1144 1727 1267 1810 epulati

180 1845 306 1921 essent,
339 1845 504 1922 tamquam
533 1839 664 1903 chorum
693 1837 843 1922 prodisse
871 1837 904 1900 in
935 1838 1145 1904 orchestram.
1190 1859 1268 1906 sane

181 1953 310 2036 quidem
332 1952 413 2017 nihil
433 1951 557 2018 verius:
590 1952 624 2016 id
646 1973 742 2018 unum
766 1950 873 2031 miror,
896 1972 958 2017 nou
976 1951 1150 2019 offendisse
1165 1953 1267 2018 virum

180 2065 403 2130 doctissimum
425 2065 457 2128 iu
481 2064 600 2149 plurali
613 2066 717 2146 χοροί,
747 2084 841 2147 quom
865 2064 993 2148 quidem
1017 2071 1063 2129 eis
1071 2113 1080 2146 ,
1104 2065 1158 2149 qui
1180 2072 1268 2131 aute·

179 2178 307 2258 cedunt,
329 2176 509 2262 pluralibus
532 2178 720 2251 ιῑεισνοῠντες
736 2183 769 2243 et
786 2175 969 2251 ἀναστάντες
983 2177 1080 2242 tacilc
1093 2177 1269 2242 adductum

181 2290 405 2375 apographum
422 2290 508 2355 falso
530 2289 701 2375 scripsisse
724 2290 806 2355 satis
829 2290 983 2356 credibile
997 2290 1153 2357 videatur.
1193 2312 1269 2355 uam

181 2402 266 2488 quod
289 2404 383 2468 affert
407 2401 488 2466 duos
510 2402 625 2468 choros
648 2403 751 2468 fuisse
774 2411 805 2469 et
827 2404 968 2470 virorum
990 2410 1119 2488 patrum
1142 2410 1173 2470 et
1191 2403 1268 2469 adu-

179 2515 370 2582 lescentium
383 2513 532 2596 filiorum,
555 2515 609 2598 qui
631 2521 743 2599 patres
767 2516 869 2582 secuti
892 2520 1011 2596 essent,
1033 2535 1097 2580 non
1118 2516 1166 2581 ita
1181 2516 1270 2583 vide-

180 2633 233 2693 tur
254 2627 446 2712 probabile:
482 2632 539 2692 aut
561 2627 646 2693 enim
675 2627 774 2692 fallor
802 2634 857 2692 aut
880 2647 943 2692 non
966 2626 1056 2691 chori
1081 2628 1143 2693 duo
1167 2636 1269 2711 erant,

181 2740 239 2806 scd
261 2739 459 2805 hemichoria
482 2739 555 2822 duo,
578 2760 659 2805 unus
683 2741 808 2805 chorus.
852 2739 971 2804 sedne
995 2741 1182 2815 δειπνοῦντες
1203 2744 1270 2827 qui·

182 2855 257 2919 dem
269 2854 402 2919 tolerari
423 2873 520 2938 posse
544 2854 700 2932 arbitror3
724 2873 799 2918 nam
822 2874 918 2917 unum
935 2853 1050 2919 aoristi
1062 2856 1269 2942 participium

182 2963 398 3052 δειπνήσαντες
419 2974 506 3034 recte
529 2989 600 3033 oum
624 2964 807 3040 ἀντιστάντες
835 2965 1008 3052 participio
1032 2968 1182 3053 coniungi
1210 2990 1267 3054 pro

183 3086 271 3147 certo
300 3080 406 3146 habeo
429 3086 594 3163 totumque
617 3082 722 3146 locum
738 3080 943 3147 scribendum
957 3102 1073 3149 censeo
1084 3082 1146 3147 ita:
1168 3080 1270 3166 ἐπειδὴ

182 3193 213 3254 ἐν
229 3192 299 3276 ispo}
316 3190 502 3276 Ἡρακλέους
522 3191 737 3280 δειπνήσαντες
757 3196 807 3255 καὶ
822 3191 1008 3269 ἀντιστάντες
1025 3193 1119 3278 χορὸς
1129 3193 1270 3276 ἐγένοντο.

267 3306 350 3371 alter
375 3305 465 3371 locus
493 3311 544 3371 est
566 3307 783 3390 Etymologici
804 3306 915 3390 Magni
949 3328 979 3391 p.
1004 3309 1082 3387 286,
1112 3305 1151 3371 19
1186 3324 1269 3387 sqq.:

183 3419 310 3502 Δράμα,
333 3420 460 3501 ποίημα,
483 3425 616 3501 πρᾶγμα,
639 3420 721 3501 τιαρά
736 3418 770 3484 τὸ
783 3421 857 3500 doci,
879 3420 916 3485 τά
929 3421 1043 3503 ἐνεργά.
1057 3454 1098 3464 -
1113 3417 1226 3500 λέγεται
1239 3417 1272 3479 de*

183 3527 328 3615 δράματα
356 3530 466 3595 καὶτὰ
488 3529 545 3595 rin*
571 3537 632 3595 τῶν
654 3536 825 3614 θεατρικῶν
845 3536 987 3614 μιμηλῶς
1007 3526 1157 3614 γινόμενα,
1182 3528 1224 3604 ὡς
1241 3532 1272 3592 ἓν

183 3639 354 3723 ὑποκρίσει,
388 3640 430 3717 τάς
450 3668 544 3728 φησιν
560 3641 792 3728 Ἀριστοφάνης.
816 3643 916 3724 ἐπειδὴ
938 3645 969 3706 ἐν
990 3642 1061 3730 ἱερῷ
1082 3642 1274 3726 Ἡρακλέους

184 3757 371 3828 άέστνοῦντες
398 3756 528 3840 ἐγίνοντο
558 3759 658 3836 (recte
690 3756 834 3822 Dindorf
857 3757 1001 3840 ἐγένοντο)
1022 3756 1122 3839 χορός.
1177 3779 1272 3842 quem

184 3868 288 3932 locum
311 3868 409 3935 facile
430 3868 477 3934 ita
491 3868 701 3954 interpretor:
725 3870 839 3934 drama
852 3868 886 3933 id
900 3889 971 3935 esse
986 3876 1126 3953 gestum,
1149 3872 1272 3938 factum

186 3987 245 4045 cto.
268 3981 332 4047 dici
356 3986 463 4049 autem
486 3981 635 4047 dramata
658 3981 756 4048 etiarn
779 4002 827 4060 ea,
850 4001 932 4066 quae
954 3982 1027 4067 ipsa
1052 3984 1180 4067 quidem
1193 4007 1272 4053 vera

122 4102 128 4113 '
186 4092 335 4158 dramata
357 4115 419 4160 non
443 4094 516 4176 sint,
540 4095 597 4160 sed
620 4115 640 4159 a
662 4094 820 4161 scaenicis
843 4100 967 4159 tantum
989 4117 1047 4180 per
1059 4096 1272 4163 imitationem
