2754 4574
580 173 844 242 —39-1

138 389 178 432 ac
207 367 316 432 multis
346 369 455 433 verbis
490 371 655 436 collaudat
687 373 776 438 filioli
809 373 991 456 ingenium,
1024 373 1228 455 industriam,

140 488 259 562 artem,
283 482 461 548 doctrinam
486 483 656 568 ipsumque
683 486 854 570 praedicat
878 492 913 551 ut
934 486 1074 552 omnium
1097 495 1227 572 patrum
1286 478 1289 483 ’

140 595 373 676 felicissimum,
396 595 450 678 qui
464 598 562 661 talem
576 597 675 661 lilium
688 599 834 665 haberet.
860 619 982 682 coquus
994 607 1101 666 autem
1117 599 1228 664 audito

140 708 227 772 illius
248 708 339 772 lilioli
358 708 485 773 nomine
508 729 570 773 uon
592 710 739 793 ignotum
762 712 823 777 sibi
847 732 919 778 esse
943 713 1118 798 respondet
1140 713 1228 777 illius

139 821 277 887 nominis
299 841 448 905 puerum3
472 842 566 903 quem
589 843 629 888 ex
653 823 803 890 delicatis
824 825 890 890 illis
914 825 1123 907 cinaedisque
1146 845 1228 906 esse,

59 989 61 993 .
139 937 192 1018 qui
216 934 357 1019 corrupti
381 956 401 998 a
424 935 580 1020 sophistis
603 937 687 1000 omni
711 938 824 1020 generi
846 940 1050 1024 voluptatum
1073 938 1229 1004 serviant.

223 1057 258 1114 at
292 1054 400 1133 pater,
434 1050 572 1133 primum
606 1070 709 1135 paene
734 1051 940 1117 exanimatus
964 1052 1071 1117 subito
1096 1058 1228 1131 terrore,

141 1163 195 1228 ubi
218 1162 317 1227 adse
341 1161 453 1247 rediit,
487 1167 521 1226 ut
549 1169 581 1227 et
616 1163 687 1247 ipse
715 1184 750 1230 se
773 1166 995 1230 consolaretur
1031 1170 1063 1230 et
1093 1185 1228 1248 coquum

142 1274 334 1354 confutaret,
357 1274 437 1338 talia
451 1274 518 1339 fere
533 1275 744 1360 vociferatur:
765 1297 878 1361 parum
902 1277 1073 1343 credibilia
1087 1277 1145 1342 illa
1168 1277 1228 1342 sibi

144 1386 273 1470 quidem
295 1387 417 1465 videri3
440 1408 515 1451 nam
538 1389 621 1454 bene
644 1391 807 1472 cognitum
831 1411 903 1456 sese
926 1391 1047 1456 habere
1063 1391 1173 1470 filium,
1196 1398 1231 1456 ut

69 1530 72 1535 ·
142 1506 283 1586 petrem3
318 1506 374 1565 aut
407 1502 573 1584 puerulum
601 1501 691 1565 illum
724 1502 947 1583 delicatorum,
983 1504 1022 1569 de
1056 1525 1118 1588 quo
1151 1504 1230 1568 talia

142 1619 369 1693 memorasset,
401 1633 464 1677 non
499 1634 591 1678 suum
618 1635 689 1679 esse
712 1622 768 1680 aut
801 1617 889 1681 falsa
910 1617 1049 1701 fictaque
1081 1616 1230 1682 attulisse

143 1747 279 1809 coquum
303 1727 342 1792 de
365 1726 440 1791 lilio.
457 1765 493 1772 —
519 1747 581 1807 quo
606 1727 646 1792 de
669 1749 825 1812 responso
848 1730 1034 1814 indignatus
1047 1750 1169 1812 coquus
1189 1729 1231 1793 ad

143 1860 254 1905 servos
278 1861 350 1906 sese
374 1840 541 1919 convertit,
564 1840 670 1923 quin
692 1862 766 1906 nam
791 1864 960 1909 surrexere
981 1844 1046 1908 iam
1067 1843 1154 1907 cives
1173 1864 1229 1927 pa-

142 1953 235 2018 rasiti
259 1975 300 2019 en
323 1954 399 2018 fano
423 1953 551 2019 domum
575 1954 740 2019 excessuri
765 1994 802 2002 —
832 1957 916 2022 omni
941 1943 1143 2041 supellectile
1166 1956 1229 2020 col-

141 2067 210 2131 lata
232 2066 296 2150 ipsi
318 2066 494 2131 abscedere
522 2088 580 2150 per
603 2087 754 2132 scaenam
777 2075 905 2153 parant.
960 2069 1074 2134 abiens
1109 2088 1230 2151 coquus

141 2181 252 2245 valere
273 2180 362 2245 iubet
389 2173 524 2264 patrem¹
538 2180 709 2244 rusticum:
733 2181 765 2244 di
790 2181 881 2261 dent,
905 2203 986 2266 quae
1011 2187 1162 2265 exoptet,
1184 2181 1228 2245 iu-

143 2296 283 2374 ventquc
316 2314 403 2374 eum,
437 2315 478 2358 ne
510 2300 640 2378 praeter
673 2296 933 2378 expectationem
962 2317 1014 2362 res
1045 2293 1160 2371 cadat3
1195 2314 1229 2358 se

144 2404 283 2487 quidem,
306 2405 333 2470 si
355 2406 410 2471 ille
434 2406 477 2470 ad
499 2408 617 2472 bonum
641 2408 761 2472 exitum
785 2429 916 2473 causam
939 2407 1137 2492 perduxerit,
1161 2408 1229 2489 pla·
1282 2449 1284 2454 -

143 2525 267 2583 centem
292 2522 352 2585 sub
375 2539 547 2603 vesperum
571 2520 599 2584 ei
616 2519 788 2585 missurum
801 2523 852 2600 27).

226 2632 294 2696 abit
317 2653 454 2714 coquum
489 2633 553 2696 iam
570 2631 671 2696 intrat
691 2632 807 2699 chorus
831 2632 1046 2709 orchestram3
1082 2652 1229 2697 mansere

142 2745 174 2809 in
198 2766 317 2811 scaeua
341 2766 439 2811 senex
463 2752 554 2829 pater
576 2767 647 2811 cum
669 2746 745 2810 filio.

224 2858 289 2921 iam
318 2866 445 2943 tempus
468 2864 517 2923 est
546 2859 590 2923 ad
617 2879 712 2924 unum
741 2858 950 2940 coniungere,
985 2878 1068 2940 quae
1101 2857 1230 2940 singula

142 2971 323 3037 invenimus
341 2971 380 3036 de
403 2972 549 3055 prologo,
572 2971 739 3055 episodiis‚
763 2971 878 3052 exodo,
900 2971 1175 3055 interpositisque,
1198 2978 1231 3035 ut

143 3105 195 3149 res
218 3084 379 3169 postulat,
407 3084 494 3148 chori
517 3092 548 3149 et
570 3086 694 3169 parodo
718 3092 750 3150 et
773 3083 917 3148 stasimis
940 3091 971 3148 et
999 3083 1104 3149 exodo
1128 3089 1230 3148 totum

143 3197 211 3262 fere
236 3195 366 3276 drama,
390 3196 497 3280 quoad
520 3196 589 3262 eius
613 3197 801 3262 coniciendo
825 3196 956 3278 assequi
979 3197 1104 3280 poesie,
1139 3196 1231 3261 resti-

143 3318 252 3375 tuere:
277 3314 350 3373 acto
373 3311 525 3392 prologo,
547 3329 618 3374 cum
642 3311 876 3375 remansissent
905 3315 1000 3393 pater
1022 3315 1054 3375 et
1076 3308 1160 3373 lilius
1183 3308 1230 3374 in-

143 3423 224 3488 certi
247 3421 414 3504 dubiique,
444 3421 587 3505 paredus
610 3421 645 3485 tit
668 3422 757 3487 chori
779 3423 841 3501 ita,
876 3427 911 3487 ut
933 3420 1051 3505 singuli
1076 3421 1231 3505 epulones

144 3556 184 3600 ex
206 3556 287 3601 cena
310 3539 342 3599 et
363 3534 437 3600 vino
461 3535 644 3600 exultantes
673 3555 735 3599 non
770 3535 839 3620 sine
868 3533 1057 3619 petulantiis
1094 3553 1133 3596 ao
1167 3533 1231 3597 cla-

145 3647 288 3712 moribus
311 3647 483 3713 iutroeant.
506 3647 570 3710 iam
594 3647 722 3712 obviam
748 3648 869 3713 factum
892 3646 1093 3730 conspiciunt
1121 3666 1232 3711 senem

146 3760 313 3840 rusticum3
347 3760 470 3840 rident,
494 3758 646 3856 illudunt3
682 3781 721 3824 ne
743 3768 809 3824 tam
832 3759 916 3823 tristi
940 3780 979 3824 ac
1001 3757 1119 3823 minaci
1144 3759 1231 3822 voltu

219 4018 263 4078 27)
283 4033 342 4066 nam
360 4020 410 4067 hnc
434 4019 592 4068 referendum
615 4016 702 4065 censui
720 4019 750 4067 fr.
772 4021 821 4066 202
837 4021 900 4068 207:
927 4011 982 4080 ἐγώ
1008 4011 1033 4063 δ’
1062 4011 1231 4082 Ιώνπίμψω

145 4114 298 4170 πλακοῦντ’
315 4115 342 4176 ἐς
362 4116 487 4186 ἑσπέραν
495 4120 643 4185 χαρίσιον.
