2754 4574
518 1253 852 1337 Praefatio.

222 1503 258 1567 ln
281 1501 421 1567 nubibus
444 1522 514 1566 cum
537 1507 686 1567 versatus
712 1522 818 1568 essem
829 1503 862 1583 i)
892 1522 955 1567 non
980 1501 1049 1566 sine
1073 1520 1165 1581 cura,
1195 1507 1230 1565 ut

140 1632 353 1725 elaborarem,
376 1664 459 1727 quae
482 1646 698 1729 probarentur
717 1644 795 1710 viris
818 1643 1025 1725 doctissimis,
1048 1643 1167 1708 sensim
1186 1642 1229 1708 ad

51 1785 55 1796 '
140 1786 385 1852 Daetalensium
408 1787 522 1871 epulas
545 1787 727 1869 deferebar,
751 1794 785 1853 ut
800 1807 893 1871 quem
909 1806 995 1851 vana
1009 1775 1229 1871 promittendo

140 1928 271 1994 nubium
293 1929 409 1994 chorus
431 1928 607 1995 frustratus
629 1936 727 2007 esset,
748 1929 835 1995 idem
852 1928 1088 2009 acenantibus,
1110 1927 1138 1992 si
1156 1927 1228 2010 quis

141 2071 310 2137 humanior
333 2071 505 2152 extitisset,
528 2078 694 2157 tamquam
717 2073 757 2138 de
780 2071 900 2138 mensis
923 2070 1112 2137 deliciarum
1135 2068 1229 2152 copia

138 2214 272 2298 repletis
301 2213 404 2279 maius
437 2214 561 2298 aliquid
591 2222 647 2281 aut
676 2215 809 2281 suavius
832 2213 910 2278 mihi
932 2213 1121 2297 acciperem.
1166 2232 1226 2277 nee

139 2356 256 2422 fefellit
279 2377 369 2441 spes:
398 2378 472 2422 nam
495 2363 529 2423 ut
551 2359 649 2442 longa
671 2356 904 2424 consuetudine
927 2362 1026 2438 atque
1049 2375 1107 2421 usu
1132 2351 1224 2418 fami·

137 2499 250 2565 liarem
279 2499 472 2568 invocavero
504 2523 570 2585 me,
603 2507 639 2566 ut
671 2521 735 2565 una
767 2507 932 2584 tamquam
965 2519 1073 2566 secum
1097 2516 1225 2563 accum-

68 2695 74 2705 .
138 2644 262 2724 berem,
284 2642 374 2709 cives
395 2643 636 2724 humanissimi3
664 2664 723 2710 nec
745 2644 964 2727 denegavere,
987 2640 1041 2727 qui
1064 2639 1225 2705 ministra-

139 2785 233 2866 bant,
265 2793 321 2851 aut
342 2785 486 2852 ciborum
520 2786 715 2853 suavitatem
745 2794 801 2852 aut
830 2786 975 2851 vinorum
1006 2782 1225 2850 dulcedinem:

139 2948 243 3011 neque
272 2928 367 2994 aliter
394 2950 433 2995 ac
463 2929 491 2994 si
519 2928 591 3014 ipse
624 2928 758 2994 fuissem
782 2950 822 2995 ex
846 2927 1091 2993 Daetalensium
1115 2924 1222 3002 choro,

138 3070 295 3137 versabar
315 3069 400 3136 inter
432 3076 602 3152 cenantes,
636 3091 783 3154 quaeque
813 3076 887 3155 post
909 3090 1021 3136 cenam
1044 3069 1226 3152 agebantur

39 3260 48 3273 .
139 3213 179 3280 de
202 3233 337 3295 scaena,
361 3232 400 3280 ea
421 3213 525 3298 ipsius
549 3214 651 3280 oculis
673 3214 860 3299 conspicere
883 3221 957 3279 tunc
979 3212 1057 3278 mibi
1080 3210 1226 3276 videbar.

138 3361 236 3440 utque
258 3354 366 3422 omnia
387 3376 458 3422 oum
481 3355 562 3421 satis
584 3357 685 3422 oculis
707 3356 991 3440 perlustravissem
1015 3374 1053 3419 ac
1074 3350 1227 3437 pectoris,

140 3505 173 3564 ut
195 3501 243 3563 ait
263 3497 416 3580 Ovidius,
448 3497 572 3564 visibus
600 3499 798 3578 hausissem,
830 3499 923 3565 utin
950 3496 1091 3565 medium
1114 3494 1224 3560 darem

140 3647 196 3706 aut
217 3641 388 3726 probanda
410 3646 465 3707 aut
487 3641 661 3725 exigunda,
684 3640 811 3726 impulit
832 3662 883 3708 me
906 3640 1043 3706 animus.

229 3925 254 3991 *)
274 3927 301 3977 in
325 3927 441 3978 manibus
465 3927 563 3986 habco,
591 3938 667 3988 quem
691 3926 722 3973 de
748 3924 857 3973 nubibus
883 3923 1077 3984 incohaverum,
1103 3922 1227 3980 libellum,

139 4045 215 4094 quem
234 4044 301 4078 nuuc
319 4028 435 4093 quidem,
454 4029 515 4077 dum
534 4027 565 4076 dc
584 4024 779 4075 Daetalensibns
796 4025 889 4075 librum
908 4024 1086 4084 confecissem,
1105 4023 1228 4072 infectum

139 4129 238 4194 reliqui.
