<?xml version="1.0" encoding="UTF-8"?>
<!DOCTYPE html PUBLIC "-//W3C//DTD XHTML 1.0 Transitional//EN"
    "http://www.w3.org/TR/xhtml1/DTD/xhtml1-transitional.dtd">
<html xmlns="http://www.w3.org/1999/xhtml" xml:lang="en" lang="en">
 <head>
  <title>
</title>
<meta http-equiv="Content-Type" content="text/html;charset=utf-8" />
  <meta name='ocr-system' content='tesseract 3.04.00' />
  <meta name='ocr-capabilities' content='ocr_page ocr_carea ocr_par ocr_line ocrx_word'/>
</head>
<body>
  <div class='ocr_page' id='page_1' title='image "./dedaetalensiumf00roetgoog_0061.png"; bbox 0 0 2754 4574; ppageno 0'>
   <div class='ocr_carea' id='block_1_1' title="bbox 580 152 784 223">
    <p class='ocr_par' dir='ltr' id='par_1_1' title="bbox 580 152 784 223">
     <span class='ocr_line' id='line_1_1' title="bbox 580 152 784 223; baseline 0.034 -7"><span class='ocrx_word' id='word_1_1' title='bbox 580 152 784 223; x_wconf 45' lang='lat'>-562</span> 
     </span>
    </p>
   </div>
   <div class='ocr_carea' id='block_1_2' title="bbox 116 358 1291 2957">
    <p class='ocr_par' dir='ltr' id='par_1_2' title="bbox 116 358 1291 2957">
     <span class='ocr_line' id='line_1_2' title="bbox 139 358 1229 424; baseline -0.001 -14"><span class='ocrx_word' id='word_1_2' title='bbox 139 358 246 424; x_wconf 86' lang='lat' dir='ltr'>sciplina</span> <span class='ocrx_word' id='word_1_3' title='bbox 264 359 389 424; x_wconf 81' lang='lat' dir='ltr'>percipere</span> <span class='ocrx_word' id='word_1_4' title='bbox 407 368 500 424; x_wconf 88' lang='lat' dir='ltr'>posset,</span> <span class='ocrx_word' id='word_1_5' title='bbox 518 368 563 409; x_wconf 87' lang='lat' dir='ltr'>aut</span> <span class='ocrx_word' id='word_1_6' title='bbox 581 359 734 408; x_wconf 87' lang='lat' dir='ltr'>certealiud</span> <span class='ocrx_word' id='word_1_7' title='bbox 754 362 884 422; x_wconf 90' lang='lat' dir='ltr'>quoddam</span> <span class='ocrx_word' id='word_1_8' title='bbox 897 360 973 410; x_wconf 91' lang='lat' dir='ltr'>etiam</span> <span class='ocrx_word' id='word_1_9' title='bbox 985 359 1143 421; x_wconf 81' lang='lat' dir='ltr'>ingeniosius</span> <span class='ocrx_word' id='word_1_10' title='bbox 1162 374 1229 410; x_wconf 89' lang='lat' dir='ltr'>com·</span> 
     </span>
     <span class='ocr_line' id='line_1_3' title="bbox 139 461 1229 527; baseline -0.001 -15"><span class='ocrx_word' id='word_1_11' title='bbox 139 472 252 512; x_wconf 88' lang='lat' dir='ltr'>mentum</span> <span class='ocrx_word' id='word_1_12' title='bbox 270 465 415 512; x_wconf 91' lang='lat' dir='ltr'>addendum</span> <span class='ocrx_word' id='word_1_13' title='bbox 434 461 509 510; x_wconf 87' lang='lat' dir='ltr'>fnisse</span> <span class='ocrx_word' id='word_1_14' title='bbox 529 462 573 527; x_wconf 73' lang='lat'>(1),</span> <span class='ocrx_word' id='word_1_15' title='bbox 595 469 622 510; x_wconf 91' lang='lat' dir='ltr'>at</span> <span class='ocrx_word' id='word_1_16' title='bbox 640 462 716 522; x_wconf 87' lang='lat' dir='ltr'>longe</span> <span class='ocrx_word' id='word_1_17' title='bbox 734 462 809 511; x_wconf 87' lang='lat' dir='ltr'>aliter</span> <span class='ocrx_word' id='word_1_18' title='bbox 824 465 957 526; x_wconf 81' lang='lat' dir='ltr'>procedere</span> <span class='ocrx_word' id='word_1_19' title='bbox 970 463 1144 526; x_wconf 85' lang='lat' dir='ltr'>colloquium:</span> <span class='ocrx_word' id='word_1_20' title='bbox 1164 478 1229 525; x_wconf 86' lang='lat' dir='ltr'>quae</span> 
     </span>
     <span class='ocr_line' id='line_1_4' title="bbox 139 563 1230 627; baseline 0 -15"><span class='ocrx_word' id='word_1_21' title='bbox 139 565 190 612; x_wconf 83' lang='lat' dir='ltr'>iem</span> <span class='ocrx_word' id='word_1_22' title='bbox 209 573 372 627; x_wconf 81' lang='lat' dir='ltr'>sequerentur</span> <span class='ocrx_word' id='word_1_23' title='bbox 389 563 500 626; x_wconf 91' lang='lat' dir='ltr'>primum</span> <span class='ocrx_word' id='word_1_24' title='bbox 518 565 549 612; x_wconf 91' lang='lat' dir='ltr'>de</span> <span class='ocrx_word' id='word_1_25' title='bbox 567 563 692 624; x_wconf 79' lang='lat' dir='ltr'>stellione,</span> <span class='ocrx_word' id='word_1_26' title='bbox 711 563 802 611; x_wconf 84' lang='lat' dir='ltr'>deinde</span> <span class='ocrx_word' id='word_1_27' title='bbox 820 565 851 612; x_wconf 89' lang='lat' dir='ltr'>de</span> <span class='ocrx_word' id='word_1_28' title='bbox 869 563 992 624; x_wconf 88' lang='lat' dir='ltr'>hostiola,</span> <span class='ocrx_word' id='word_1_29' title='bbox 1011 579 1101 613; x_wconf 89' lang='lat' dir='ltr'>eornm</span> <span class='ocrx_word' id='word_1_30' title='bbox 1119 564 1230 613; x_wconf 88' lang='lat' dir='ltr'>alterum</span> 
     </span>
     <span class='ocr_line' id='line_1_5' title="bbox 139 664 1291 729; baseline 0.001 -16"><span class='ocrx_word' id='word_1_31' title='bbox 139 680 189 713; x_wconf 91' lang='lat' dir='ltr'>non</span> <span class='ocrx_word' id='word_1_32' title='bbox 208 666 290 713; x_wconf 90' lang='lat' dir='ltr'>solum</span> <span class='ocrx_word' id='word_1_33' title='bbox 313 680 415 728; x_wconf 91' lang='lat' dir='ltr'>prorsus</span> <span class='ocrx_word' id='word_1_34' title='bbox 439 665 574 713; x_wconf 89' lang='lat' dir='ltr'>abhorrere</span> <span class='ocrx_word' id='word_1_35' title='bbox 592 665 625 712; x_wconf 90' lang='lat' dir='ltr'>ab</span> <span class='ocrx_word' id='word_1_36' title='bbox 644 664 700 727; x_wconf 92' lang='lat' dir='ltr'>ipsa</span> <span class='ocrx_word' id='word_1_37' title='bbox 718 664 825 725; x_wconf 76' lang='lat' dir='ltr'>scaena,</span> <span class='ocrx_word' id='word_1_38' title='bbox 850 673 984 728; x_wconf 88' lang='lat' dir='ltr'>propterea</span> <span class='ocrx_word' id='word_1_39' title='bbox 1008 666 1077 727; x_wconf 91' lang='lat' dir='ltr'>quod</span> <span class='ocrx_word' id='word_1_40' title='bbox 1097 667 1138 714; x_wconf 86' lang='lat' dir='ltr'>vel</span> <span class='ocrx_word' id='word_1_41' title='bbox 1165 666 1230 714; x_wconf 87' lang='lat' dir='ltr'>deri·</span> <span class='ocrx_word' id='word_1_42' title='bbox 1289 725 1291 729; x_wconf 14' lang='grc' dir='ltr'><em>Α</em></span> 
     </span>
     <span class='ocr_line' id='line_1_6' title="bbox 139 765 1232 830; baseline 0.002 -16"><span class='ocrx_word' id='word_1_43' title='bbox 139 769 239 815; x_wconf 89' lang='lat' dir='ltr'>deretur</span> <span class='ocrx_word' id='word_1_44' title='bbox 256 767 289 815; x_wconf 91' lang='lat' dir='ltr'>ab</span> <span class='ocrx_word' id='word_1_45' title='bbox 307 774 415 829; x_wconf 89' lang='lat' dir='ltr'>utroque</span> <span class='ocrx_word' id='word_1_46' title='bbox 434 766 556 828; x_wconf 83' lang='lat' dir='ltr'>magister</span> <span class='ocrx_word' id='word_1_47' title='bbox 574 767 740 825; x_wconf 85' lang='lat' dir='ltr'>venerandus,</span> <span class='ocrx_word' id='word_1_48' title='bbox 759 767 801 813; x_wconf 83' lang='lat' dir='ltr'>sed</span> <span class='ocrx_word' id='word_1_49' title='bbox 820 781 851 814; x_wconf 90' lang='lat' dir='ltr'>ne</span> <span class='ocrx_word' id='word_1_50' title='bbox 869 781 922 814; x_wconf 91' lang='lat' dir='ltr'>rem</span> <span class='ocrx_word' id='word_1_51' title='bbox 936 765 1039 828; x_wconf 89' lang='lat' dir='ltr'>quidem</span> <span class='ocrx_word' id='word_1_52' title='bbox 1051 766 1134 830; x_wconf 92' lang='lat' dir='ltr'>ipsam</span> <span class='ocrx_word' id='word_1_53' title='bbox 1147 768 1232 816; x_wconf 84' lang='lat' dir='ltr'>verbis</span> 
     </span>
     <span class='ocr_line' id='line_1_7' title="bbox 139 867 1231 930; baseline 0 -12"><span class='ocrx_word' id='word_1_54' title='bbox 139 870 201 918; x_wconf 87' lang='lat' dir='ltr'>satis</span> <span class='ocrx_word' id='word_1_55' title='bbox 220 869 282 917; x_wconf 93' lang='lat' dir='ltr'>bene</span> <span class='ocrx_word' id='word_1_56' title='bbox 300 868 435 929; x_wconf 83' lang='lat' dir='ltr'>significari</span> <span class='ocrx_word' id='word_1_57' title='bbox 459 868 493 930; x_wconf 91' lang='lat' dir='ltr'>[si</span> <span class='ocrx_word' id='word_1_58' title='bbox 511 867 614 930; x_wconf 89' lang='lat' dir='ltr'>quidem</span> <span class='ocrx_word' id='word_1_59' title='bbox 639 882 721 930; x_wconf 89' lang='lat' dir='ltr'>neque</span> <span class='ocrx_word' id='word_1_60' title='bbox 746 868 799 916; x_wconf 89' lang='lat' dir='ltr'>eius</span> <span class='ocrx_word' id='word_1_61' title='bbox 823 868 899 916; x_wconf 91' lang='lat' dir='ltr'>modi.</span> <span class='ocrx_word' id='word_1_62' title='bbox 914 883 998 917; x_wconf 88' lang='lat' dir='ltr'>rerum</span> <span class='ocrx_word' id='word_1_63' title='bbox 1023 869 1175 919; x_wconf 90' lang='lat' dir='ltr'>caelestium</span> <span class='ocrx_word' id='word_1_64' title='bbox 1194 870 1231 918; x_wconf 89' lang='lat' dir='ltr'>in-</span> 
     </span>
     <span class='ocr_line' id='line_1_8' title="bbox 137 965 1231 1039; baseline 0.002 -20"><span class='ocrx_word' id='word_1_65' title='bbox 137 970 271 1032; x_wconf 83' lang='lat' dir='ltr'>vestigatio</span> <span class='ocrx_word' id='word_1_66' title='bbox 283 979 349 1021; x_wconf 86' lang='lat' dir='ltr'>recte</span> <span class='ocrx_word' id='word_1_67' title='bbox 360 965 458 1036; x_wconf 79' lang='grc' dir='ltr'><em>γνώμη</em></span> <span class='ocrx_word' id='word_1_68' title='bbox 476 969 526 1018; x_wconf 90' lang='lat' dir='ltr'>dici</span> <span class='ocrx_word' id='word_1_69' title='bbox 544 979 628 1033; x_wconf 91' lang='lat' dir='ltr'>posset</span> <span class='ocrx_word' id='word_1_70' title='bbox 647 984 729 1032; x_wconf 88' lang='lat' dir='ltr'>neque</span> <span class='ocrx_word' id='word_1_71' title='bbox 748 970 830 1018; x_wconf 88' lang='lat' dir='ltr'>stellio</span> <span class='ocrx_word' id='word_1_72' title='bbox 850 986 907 1019; x_wconf 91' lang='lat' dir='ltr'>eam</span> <span class='ocrx_word' id='word_1_73' title='bbox 926 965 1065 1039; x_wconf 74' lang='grc' dir='ltr'><em>ἀφαιρεῖν</em></span> <span class='ocrx_word' id='word_1_74' title='bbox 1078 990 1112 1017; x_wconf 88' lang='grc'>.-.</span> <span class='ocrx_word' id='word_1_75' title='bbox 1124 971 1231 1035; x_wconf 88' lang='lat' dir='ltr'>eripere,</span> 
     </span>
     <span class='ocr_line' id='line_1_9' title="bbox 138 1067 1232 1137; baseline 0.001 -17"><span class='ocrx_word' id='word_1_76' title='bbox 138 1075 181 1121; x_wconf 89' lang='lat' dir='ltr'>sed</span> <span class='ocrx_word' id='word_1_77' title='bbox 191 1071 275 1136; x_wconf 88' lang='lat' dir='ltr'>potius</span> <span class='ocrx_word' id='word_1_78' title='bbox 291 1069 417 1132; x_wconf 75' lang='grc' dir='ltr'><em>κωλύειν,</em></span> <span class='ocrx_word' id='word_1_79' title='bbox 439 1067 552 1137; x_wconf 73' lang='grc' dir='ltr'><em>ἔπλχειν</em></span> <span class='ocrx_word' id='word_1_80' title='bbox 563 1089 596 1116; x_wconf 90' lang='lat'><strong><em>=</em></strong></span> <span class='ocrx_word' id='word_1_81' title='bbox 608 1071 796 1133; x_wconf 79' lang='lat' dir='ltr'>interrumpere,</span> <span class='ocrx_word' id='word_1_82' title='bbox 816 1071 1064 1136; x_wconf 76' lang='lat' dir='ltr'>interpellare-,nam</span> <span class='ocrx_word' id='word_1_83' title='bbox 1083 1076 1154 1135; x_wconf 92' lang='lat' dir='ltr'>quod</span> <span class='ocrx_word' id='word_1_84' title='bbox 1175 1073 1232 1136; x_wconf 86' lang='lat' dir='ltr'>quis</span> 
     </span>
     <span class='ocr_line' id='line_1_10' title="bbox 138 1173 1232 1237; baseline 0.001 -14"><span class='ocrx_word' id='word_1_85' title='bbox 138 1175 273 1236; x_wconf 89' lang='lat' dir='ltr'>amitteret,</span> <span class='ocrx_word' id='word_1_86' title='bbox 284 1174 345 1223; x_wconf 71' lang='lat' dir='ltr'>&#39;iam</span> <span class='ocrx_word' id='word_1_87' title='bbox 362 1173 444 1237; x_wconf 89' lang='lat' dir='ltr'>ipsum</span> <span class='ocrx_word' id='word_1_88' title='bbox 463 1173 610 1236; x_wconf 87' lang='lat' dir='ltr'>possidere],</span> <span class='ocrx_word' id='word_1_89' title='bbox 629 1174 737 1221; x_wconf 89' lang='lat' dir='ltr'>alterum</span> <span class='ocrx_word' id='word_1_90' title='bbox 756 1175 787 1220; x_wconf 90' lang='lat' dir='ltr'>de</span> <span class='ocrx_word' id='word_1_91' title='bbox 806 1173 916 1222; x_wconf 87' lang='lat' dir='ltr'>hostiola</span> <span class='ocrx_word' id='word_1_92' title='bbox 935 1189 1036 1236; x_wconf 90' lang='lat' dir='ltr'>prorsus</span> <span class='ocrx_word' id='word_1_93' title='bbox 1054 1174 1120 1222; x_wconf 88' lang='lat' dir='ltr'>nihil</span> <span class='ocrx_word' id='word_1_94' title='bbox 1145 1177 1232 1224; x_wconf 80' lang='lat' dir='ltr'>velere</span> 
     </span>
     <span class='ocr_line' id='line_1_11' title="bbox 138 1275 1233 1340; baseline -0.001 -14"><span class='ocrx_word' id='word_1_95' title='bbox 138 1280 172 1326; x_wconf 89' lang='lat' dir='ltr'>ad</span> <span class='ocrx_word' id='word_1_96' title='bbox 191 1292 229 1325; x_wconf 88' lang='lat' dir='ltr'>res</span> <span class='ocrx_word' id='word_1_97' title='bbox 243 1276 402 1339; x_wconf 85' lang='lat' dir='ltr'>Strepsiadis,</span> <span class='ocrx_word' id='word_1_98' title='bbox 422 1276 543 1339; x_wconf 90' lang='lat' dir='ltr'>quoniam</span> <span class='ocrx_word' id='word_1_99' title='bbox 562 1291 614 1324; x_wconf 91' lang='lat' dir='ltr'>non</span> <span class='ocrx_word' id='word_1_100' title='bbox 634 1277 665 1324; x_wconf 89' lang='lat' dir='ltr'>de</span> <span class='ocrx_word' id='word_1_101' title='bbox 684 1275 869 1339; x_wconf 78' lang='lat' dir='ltr'>comparandis,</span> <span class='ocrx_word' id='word_1_102' title='bbox 889 1277 931 1324; x_wconf 91' lang='lat' dir='ltr'>sed</span> <span class='ocrx_word' id='word_1_103' title='bbox 950 1277 981 1322; x_wconf 89' lang='lat' dir='ltr'>de</span> <span class='ocrx_word' id='word_1_104' title='bbox 1000 1276 1131 1325; x_wconf 76' lang='lat' dir='ltr'>servandis</span> <span class='ocrx_word' id='word_1_105' title='bbox 1145 1277 1233 1340; x_wconf 86' lang='lat' dir='ltr'>potius</span> 
     </span>
     <span class='ocr_line' id='line_1_12' title="bbox 138 1375 1232 1444; baseline -0.003 -15"><span class='ocrx_word' id='word_1_106' title='bbox 138 1375 270 1444; x_wconf 73' lang='grc' dir='ltr'>ἀλφίτοις</span> <span class='ocrx_word' id='word_1_107' title='bbox 287 1385 411 1438; x_wconf 82' lang='lat' dir='ltr'>ageretur.</span> <span class='ocrx_word' id='word_1_108' title='bbox 431 1377 482 1426; x_wconf 88' lang='lat' dir='ltr'>iam</span> <span class='ocrx_word' id='word_1_109' title='bbox 501 1392 553 1425; x_wconf 93' lang='lat' dir='ltr'>non</span> <span class='ocrx_word' id='word_1_110' title='bbox 571 1377 676 1425; x_wconf 89' lang='lat' dir='ltr'>dubium</span> <span class='ocrx_word' id='word_1_111' title='bbox 695 1390 756 1435; x_wconf 88' lang='lat' dir='ltr'>esse,</span> <span class='ocrx_word' id='word_1_112' title='bbox 775 1376 837 1438; x_wconf 90' lang='lat' dir='ltr'>quin</span> <span class='ocrx_word' id='word_1_113' title='bbox 856 1391 896 1424; x_wconf 84' lang='lat' dir='ltr'>vr.</span> <span class='ocrx_word' id='word_1_114' title='bbox 912 1380 960 1424; x_wconf 94' lang='grc'>181</span> <span class='ocrx_word' id='word_1_115' title='bbox 981 1392 1035 1439; x_wconf 91' lang='lat' dir='ltr'>sqq.</span> <span class='ocrx_word' id='word_1_116' title='bbox 1055 1385 1114 1439; x_wconf 91' lang='lat' dir='ltr'>post</span> <span class='ocrx_word' id='word_1_117' title='bbox 1134 1393 1159 1426; x_wconf 89' lang='lat' dir='ltr'>v.</span> <span class='ocrx_word' id='word_1_118' title='bbox 1182 1382 1232 1426; x_wconf 85' lang='grc'>168</span> 
     </span>
     <span class='ocr_line' id='line_1_13' title="bbox 116 1477 1233 1541; baseline -0.002 -11"><span class='ocrx_word' id='word_1_119' title='bbox 116 1480 118 1485; x_wconf 62' lang='grc'><strong>“</strong></span> <span class='ocrx_word' id='word_1_120' title='bbox 138 1481 280 1531; x_wconf 88' lang='lat' dir='ltr'>collocandi</span> <span class='ocrx_word' id='word_1_121' title='bbox 299 1487 389 1540; x_wconf 90' lang='lat' dir='ltr'>essent,</span> <span class='ocrx_word' id='word_1_122' title='bbox 409 1494 434 1527; x_wconf 87' lang='lat' dir='ltr'>v.</span> <span class='ocrx_word' id='word_1_123' title='bbox 452 1483 501 1527; x_wconf 88' lang='lat'>180</span> <span class='ocrx_word' id='word_1_124' title='bbox 520 1487 605 1528; x_wconf 88' lang='lat' dir='ltr'>antem</span> <span class='ocrx_word' id='word_1_125' title='bbox 624 1477 719 1541; x_wconf 90' lang='lat' dir='ltr'>optime</span> <span class='ocrx_word' id='word_1_126' title='bbox 738 1493 764 1526; x_wconf 87' lang='lat' dir='ltr'>se</span> <span class='ocrx_word' id='word_1_127' title='bbox 782 1479 887 1527; x_wconf 88' lang='lat' dir='ltr'>haberet</span> <span class='ocrx_word' id='word_1_128' title='bbox 904 1487 962 1541; x_wconf 89' lang='lat' dir='ltr'>post</span> <span class='ocrx_word' id='word_1_129' title='bbox 980 1495 1004 1530; x_wconf 89' lang='lat' dir='ltr'>v.</span> <span class='ocrx_word' id='word_1_130' title='bbox 1019 1483 1068 1528; x_wconf 87' lang='grc'>153</span> <span class='ocrx_word' id='word_1_131' title='bbox 1089 1480 1233 1528; x_wconf 88' lang='lat' dir='ltr'>collocatus</span> 
     </span>
     <span class='ocr_line' id='line_1_14' title="bbox 138 1582 455 1632; baseline -0.009 1"><span class='ocrx_word' id='word_1_132' title='bbox 138 1586 206 1632; x_wconf 91' lang='lat' dir='ltr'>hunc</span> <span class='ocrx_word' id='word_1_133' title='bbox 224 1584 274 1630; x_wconf 86' lang='lat' dir='ltr'>fere</span> <span class='ocrx_word' id='word_1_134' title='bbox 293 1582 319 1630; x_wconf 89' lang='lat' dir='ltr'>in</span> <span class='ocrx_word' id='word_1_135' title='bbox 338 1583 455 1630; x_wconf 84' lang='lat' dir='ltr'>modum:</span> 
     </span>
     <span class='ocr_line' id='line_1_15' title="bbox 212 1671 1111 1748; baseline 0 -16"><span class='ocrx_word' id='word_1_136' title='bbox 212 1688 261 1732; x_wconf 84' lang='grc'>165</span> <span class='ocrx_word' id='word_1_137' title='bbox 298 1684 365 1748; x_wconf 90' lang='grc' dir='ltr'><em>Στρ.</em></span> <span class='ocrx_word' id='word_1_138' title='bbox 404 1678 528 1745; x_wconf 80' lang='grc' dir='ltr'><em>σάλπιγξ</em></span> <span class='ocrx_word' id='word_1_139' title='bbox 548 1678 562 1730; x_wconf 83' lang='grc' dir='ltr'>ὁ</span> <span class='ocrx_word' id='word_1_140' title='bbox 582 1673 710 1746; x_wconf 85' lang='grc' dir='ltr'><em>πρωκτός</em></span> <span class='ocrx_word' id='word_1_141' title='bbox 729 1676 806 1729; x_wconf 75' lang='grc' dir='ltr'><em>ἐστιν</em></span> <span class='ocrx_word' id='word_1_142' title='bbox 825 1671 879 1745; x_wconf 73' lang='grc' dir='ltr'>ἄρα</span> <span class='ocrx_word' id='word_1_143' title='bbox 898 1677 954 1730; x_wconf 81' lang='grc' dir='ltr'><em>τῶν</em></span> <span class='ocrx_word' id='word_1_144' title='bbox 973 1676 1111 1747; x_wconf 75' lang='grc' dir='ltr'>ἐμπίδων.</span> 
     </span>
     <span class='ocr_line' id='line_1_16' title="bbox 401 1772 971 1848; baseline -0.009 -17"><span class='ocrx_word' id='word_1_145' title='bbox 401 1772 422 1831; x_wconf 75' lang='lat' dir='ltr'>ui</span> <span class='ocrx_word' id='word_1_146' title='bbox 441 1775 644 1848; x_wconf 78' lang='grc' dir='ltr'><em>τρισμακάριος</em></span> <span class='ocrx_word' id='word_1_147' title='bbox 662 1777 713 1830; x_wconf 78' lang='grc' dir='ltr'><em>τοί</em></span> <span class='ocrx_word' id='word_1_148' title='bbox 732 1776 971 1846; x_wconf 74' lang='grc' dir='ltr'><em>διεντερεύματος.</em></span> 
     </span>
     <span class='ocr_line' id='line_1_17' title="bbox 401 1872 1015 1950; baseline 0.002 -20"><span class='ocrx_word' id='word_1_149' title='bbox 401 1872 419 1948; x_wconf 76' lang='grc' dir='ltr'><em>ἤ</em></span> <span class='ocrx_word' id='word_1_150' title='bbox 439 1878 544 1950; x_wconf 77' lang='grc' dir='ltr'><em>ῥᾳδίως</em></span> <span class='ocrx_word' id='word_1_151' title='bbox 564 1876 679 1947; x_wconf 80' lang='grc' dir='ltr'><em>φεύγων</em></span> <span class='ocrx_word' id='word_1_152' title='bbox 697 1874 733 1932; x_wconf 77' lang='grc' dir='ltr'>ἂν</span> <span class='ocrx_word' id='word_1_153' title='bbox 752 1874 906 1947; x_wconf 78' lang='grc' dir='ltr'><em>α’ττοφτίγοι</em></span> <span class='ocrx_word' id='word_1_154' title='bbox 925 1878 1015 1944; x_wconf 70' lang='grc' dir='ltr'><em>δίκην,</em></span> 
     </span>
     <span class='ocr_line' id='line_1_18' title="bbox 402 1975 975 2048; baseline -0.009 -14"><span class='ocrx_word' id='word_1_155' title='bbox 402 1976 480 2040; x_wconf 75' lang='grc' dir='ltr'><em>ὅστις</em></span> <span class='ocrx_word' id='word_1_156' title='bbox 499 1978 592 2032; x_wconf 74' lang='grc' dir='ltr'><em>δίοιδε</em></span> <span class='ocrx_word' id='word_1_157' title='bbox 610 1975 763 2048; x_wconf 69' lang='grc' dir='ltr'><em>τοῦντερον</em></span> <span class='ocrx_word' id='word_1_158' title='bbox 782 1979 829 2046; x_wconf 82' lang='grc' dir='ltr'><em>τῆς</em></span> <span class='ocrx_word' id='word_1_159' title='bbox 847 1979 975 2048; x_wconf 75' lang='grc' dir='ltr'><em>ἐμπίδος.</em></span> 
     </span>
     <span class='ocr_line' id='line_1_19' title="bbox 313 2076 1035 2151; baseline -0.004 -17"><span class='ocrx_word' id='word_1_160' title='bbox 313 2091 360 2135; x_wconf 88' lang='grc'>181</span> <span class='ocrx_word' id='word_1_161' title='bbox 400 2079 491 2151; x_wconf 71' lang='grc' dir='ltr'><em>ἄνοιγ’</em></span> <span class='ocrx_word' id='word_1_162' title='bbox 512 2076 607 2148; x_wconf 71' lang='grc' dir='ltr'><em>ἄνοιγ’</em></span> <span class='ocrx_word' id='word_1_163' title='bbox 627 2077 735 2138; x_wconf 75' lang='grc' dir='ltr'><em>ἀνύσας</em></span> <span class='ocrx_word' id='word_1_164' title='bbox 754 2076 783 2132; x_wconf 84' lang='grc' dir='ltr'><em>τὸ</em></span> <span class='ocrx_word' id='word_1_165' title='bbox 804 2079 1035 2150; x_wconf 71' lang='grc' dir='ltr'><em>φροντιστήριον,</em></span> 
     </span>
     <span class='ocr_line' id='line_1_20' title="bbox 307 2177 1076 2251; baseline -0.001 -16"><span class='ocrx_word' id='word_1_166' title='bbox 307 2191 357 2235; x_wconf 79' lang='grc'>182</span> <span class='ocrx_word' id='word_1_167' title='bbox 398 2187 446 2235; x_wconf 81' lang='grc' dir='ltr'>καὶ</span> <span class='ocrx_word' id='word_1_168' title='bbox 464 2182 560 2243; x_wconf 74' lang='grc' dir='ltr'><em>δεῖξον</em></span> <span class='ocrx_word' id='word_1_169' title='bbox 580 2180 617 2241; x_wconf 80' lang='grc' dir='ltr'>ὠς</span> <span class='ocrx_word' id='word_1_170' title='bbox 635 2177 754 2250; x_wconf 76' lang='grc' dir='ltr'><em>τάχιστά</em></span> <span class='ocrx_word' id='word_1_171' title='bbox 773 2201 824 2251; x_wconf 83' lang='grc' dir='ltr'>μοι</span> <span class='ocrx_word' id='word_1_172' title='bbox 846 2180 895 2234; x_wconf 87' lang='grc' dir='ltr'><em>τὸν</em></span> <span class='ocrx_word' id='word_1_173' title='bbox 913 2178 1076 2249; x_wconf 71' lang='grc' dir='ltr'><em>Σωκράτην.</em></span> 
     </span>
     <span class='ocr_line' id='line_1_21' title="bbox 305 2278 678 2354; baseline -0.003 -19"><span class='ocrx_word' id='word_1_174' title='bbox 305 2292 355 2337; x_wconf 86' lang='grc'>183</span> <span class='ocrx_word' id='word_1_175' title='bbox 393 2284 524 2353; x_wconf 74' lang='grc' dir='ltr'><em>μαθητιῶ</em></span> <span class='ocrx_word' id='word_1_176' title='bbox 543 2278 602 2354; x_wconf 86' lang='grc' dir='ltr'><em>γα’ρ</em></span> <span class='ocrx_word' id='word_1_177' title='bbox 622 2286 678 2336; x_wconf 82' lang='grc' dir='ltr'><em>κτλ.</em></span> 
     </span>
     <span class='ocr_line' id='line_1_22' title="bbox 154 2381 1017 2456; baseline -0.002 -19"><span class='ocrx_word' id='word_1_178' title='bbox 154 2397 179 2437; x_wconf 85' lang='lat' dir='ltr'>et</span> <span class='ocrx_word' id='word_1_179' title='bbox 199 2393 249 2438; x_wconf 79' lang='grc'>152</span> <span class='ocrx_word' id='word_1_180' title='bbox 270 2385 363 2456; x_wconf 65' lang='lat' dir='ltr'>(prud.)</span> <span class='ocrx_word' id='word_1_181' title='bbox 400 2383 502 2442; x_wconf 75' lang='grc' dir='ltr'><em>ταύτας</em></span> <span class='ocrx_word' id='word_1_182' title='bbox 521 2382 666 2442; x_wconf 73' lang='grc' dir='ltr'><em>ὑπολύσας</em></span> <span class='ocrx_word' id='word_1_183' title='bbox 685 2382 834 2453; x_wconf 77' lang='grc' dir='ltr'><em>α’νεμὲτρει</em></span> <span class='ocrx_word' id='word_1_184' title='bbox 852 2381 882 2435; x_wconf 84' lang='grc' dir='ltr'><em>τὸ</em></span> <span class='ocrx_word' id='word_1_185' title='bbox 901 2387 1017 2453; x_wconf 84' lang='grc' dir='ltr'><em>χωρλον.</em></span> 
     </span>
     <span class='ocr_line' id='line_1_23' title="bbox 258 2479 1152 2557; baseline -0.004 -18"><span class='ocrx_word' id='word_1_186' title='bbox 258 2491 365 2556; x_wconf 78' lang='grc' dir='ltr'><em>Στρεφ.</em></span> <span class='ocrx_word' id='word_1_187' title='bbox 401 2479 499 2538; x_wconf 78' lang='grc' dir='ltr'><em>ὦΖεῠ</em></span> <span class='ocrx_word' id='word_1_188' title='bbox 517 2485 635 2553; x_wconf 75' lang='grc' dir='ltr'><em>βασιλεῦ</em></span> <span class='ocrx_word' id='word_1_189' title='bbox 653 2484 702 2552; x_wconf 79' lang='grc' dir='ltr'><em>τῆς</em></span> <span class='ocrx_word' id='word_1_190' title='bbox 721 2481 887 2549; x_wconf 76' lang='grc' dir='ltr'><em>λεπτότητος</em></span> <span class='ocrx_word' id='word_1_191' title='bbox 905 2484 960 2538; x_wconf 79' lang='grc' dir='ltr'><em>τῶν</em></span> <span class='ocrx_word' id='word_1_192' title='bbox 979 2491 1101 2554; x_wconf 81' lang='grc' dir='ltr'><em>φρενῶν.</em></span> <span class='ocrx_word' id='word_1_193' title='bbox 1151 2554 1152 2557; x_wconf 8' lang='lat'>¹</span> 
     </span>
     <span class='ocr_line' id='line_1_24' title="bbox 313 2582 1041 2655; baseline 0 -17"><span class='ocrx_word' id='word_1_194' title='bbox 313 2594 363 2639; x_wconf 88' lang='grc'>180</span> <span class='ocrx_word' id='word_1_195' title='bbox 400 2591 427 2638; x_wconf 87' lang='grc' dir='ltr'><strong><em>τί</em></strong></span> <span class='ocrx_word' id='word_1_196' title='bbox 446 2584 507 2655; x_wconf 77' lang='grc' dir='ltr'><em>τλῆτ’</em></span> <span class='ocrx_word' id='word_1_197' title='bbox 528 2586 638 2640; x_wconf 71' lang='grc' dir='ltr'><em>ἐκεῖνον</em></span> <span class='ocrx_word' id='word_1_198' title='bbox 657 2583 707 2638; x_wconf 86' lang='grc' dir='ltr'><em>τὸν</em></span> <span class='ocrx_word' id='word_1_199' title='bbox 725 2584 819 2653; x_wconf 83' lang='grc' dir='ltr'><em>Θαλῆν</em></span> <span class='ocrx_word' id='word_1_200' title='bbox 838 2582 1041 2655; x_wconf 56' lang='lat' dir='ltr'>&amp;nonnionem</span> 
     </span>
     <span class='ocr_line' id='line_1_25' title="bbox 137 2688 1232 2754; baseline -0.003 -13"><span class='ocrx_word' id='word_1_201' title='bbox 137 2707 178 2742; x_wconf 84' lang='lat' dir='ltr'>vv.</span> <span class='ocrx_word' id='word_1_202' title='bbox 202 2696 340 2741; x_wconf 78' lang='lat' dir='ltr'>lte—119</span> <span class='ocrx_word' id='word_1_203' title='bbox 360 2700 447 2740; x_wconf 90' lang='lat' dir='ltr'>autem</span> <span class='ocrx_word' id='word_1_204' title='bbox 466 2690 588 2754; x_wconf 89' lang='lat' dir='ltr'>suspicari</span> <span class='ocrx_word' id='word_1_205' title='bbox 607 2706 632 2739; x_wconf 89' lang='lat' dir='ltr'>se</span> <span class='ocrx_word' id='word_1_206' title='bbox 651 2689 752 2738; x_wconf 91' lang='lat' dir='ltr'>relictos</span> <span class='ocrx_word' id='word_1_207' title='bbox 770 2705 824 2738; x_wconf 90' lang='lat' dir='ltr'>esse</span> <span class='ocrx_word' id='word_1_208' title='bbox 838 2706 851 2738; x_wconf 92' lang='lat' dir='ltr'>e</span> <span class='ocrx_word' id='word_1_209' title='bbox 865 2689 976 2753; x_wconf 88' lang='lat' dir='ltr'>priorum</span> <span class='ocrx_word' id='word_1_210' title='bbox 990 2689 1094 2738; x_wconf 87' lang='lat' dir='ltr'>nubium</span> <span class='ocrx_word' id='word_1_211' title='bbox 1108 2688 1232 2750; x_wconf 85' lang='lat' dir='ltr'>editione,</span> 
     </span>
     <span class='ocr_line' id='line_1_26' title="bbox 137 2790 1231 2857; baseline -0.002 -15"><span class='ocrx_word' id='word_1_212' title='bbox 137 2795 163 2842; x_wconf 91' lang='lat' dir='ltr'>in</span> <span class='ocrx_word' id='word_1_213' title='bbox 181 2810 233 2857; x_wconf 90' lang='lat' dir='ltr'>qua</span> <span class='ocrx_word' id='word_1_214' title='bbox 251 2792 408 2856; x_wconf 82' lang='lat' dir='ltr'>Strepsiades</span> <span class='ocrx_word' id='word_1_215' title='bbox 427 2792 506 2841; x_wconf 88' lang='lat' dir='ltr'>fusius</span> <span class='ocrx_word' id='word_1_216' title='bbox 525 2793 665 2841; x_wconf 85' lang='lat' dir='ltr'>collocutus</span> <span class='ocrx_word' id='word_1_217' title='bbox 683 2792 809 2841; x_wconf 87' lang='lat' dir='ltr'>videretur</span> <span class='ocrx_word' id='word_1_218' title='bbox 827 2806 884 2839; x_wconf 90' lang='lat' dir='ltr'>cnm</span> <span class='ocrx_word' id='word_1_219' title='bbox 903 2790 1015 2840; x_wconf 84' lang='lat' dir='ltr'>Socratis</span> <span class='ocrx_word' id='word_1_220' title='bbox 1033 2790 1181 2854; x_wconf 84' lang='lat' dir='ltr'>discipulis,</span> <span class='ocrx_word' id='word_1_221' title='bbox 1202 2799 1231 2840; x_wconf 90' lang='lat' dir='ltr'>ut</span> 
     </span>
     <span class='ocr_line' id='line_1_27' title="bbox 137 2891 1232 2957; baseline -0.003 -14"><span class='ocrx_word' id='word_1_222' title='bbox 137 2910 223 2944; x_wconf 73' lang='lat' dir='ltr'>versus</span> <span class='ocrx_word' id='word_1_223' title='bbox 252 2895 291 2943; x_wconf 91' lang='lat' dir='ltr'>illi</span> <span class='ocrx_word' id='word_1_224' title='bbox 316 2904 398 2944; x_wconf 90' lang='lat' dir='ltr'>essent</span> <span class='ocrx_word' id='word_1_225' title='bbox 425 2895 582 2944; x_wconf 86' lang='lat' dir='ltr'>diversorum</span> <span class='ocrx_word' id='word_1_226' title='bbox 610 2893 790 2957; x_wconf 88' lang='lat' dir='ltr'>discipulorum</span> <span class='ocrx_word' id='word_1_227' title='bbox 807 2907 847 2940; x_wconf 89' lang='lat' dir='ltr'>res</span> <span class='ocrx_word' id='word_1_228' title='bbox 873 2892 1024 2941; x_wconf 84' lang='lat' dir='ltr'>domesticas</span> <span class='ocrx_word' id='word_1_229' title='bbox 1055 2891 1232 2954; x_wconf 86' lang='lat' dir='ltr'>imprudenter</span> 
     </span>
    </p>
   </div>
   <div class='ocr_carea' id='block_1_3' title="bbox 137 2995 313 3046">
    <p class='ocr_par' dir='ltr' id='par_1_3' title="bbox 137 2995 313 3046">
     <span class='ocr_line' id='line_1_28' title="bbox 137 2995 313 3046; baseline 0.011 -2"><span class='ocrx_word' id='word_1_230' title='bbox 137 2995 313 3046; x_wconf 82' lang='lat' dir='ltr'>effutientium.</span> 
     </span>
    </p>
   </div>
   <div class='ocr_carea' id='block_1_4' title="bbox 209 3089 1230 3158">
    <p class='ocr_par' dir='ltr' id='par_1_4' title="bbox 209 3089 1230 3158">
     <span class='ocr_line' id='line_1_29' title="bbox 209 3089 1230 3158; baseline -0.006 -11"><span class='ocrx_word' id='word_1_231' title='bbox 209 3098 272 3146; x_wconf 83' lang='lat' dir='ltr'>talin</span> <span class='ocrx_word' id='word_1_232' title='bbox 290 3099 489 3158; x_wconf 86' lang='lat' dir='ltr'>Bachmsnn;</span> <span class='ocrx_word' id='word_1_233' title='bbox 509 3113 556 3158; x_wconf 85' lang='lat' dir='ltr'>ego</span> <span class='ocrx_word' id='word_1_234' title='bbox 575 3111 704 3145; x_wconf 85' lang='lat' dir='ltr'>veronen</span> <span class='ocrx_word' id='word_1_235' title='bbox 723 3095 794 3158; x_wconf 90' lang='lat' dir='ltr'>potui</span> <span class='ocrx_word' id='word_1_236' title='bbox 812 3110 863 3143; x_wconf 91' lang='lat' dir='ltr'>non</span> <span class='ocrx_word' id='word_1_237' title='bbox 882 3093 977 3154; x_wconf 87' lang='lat' dir='ltr'>mirari,</span> <span class='ocrx_word' id='word_1_238' title='bbox 996 3095 1063 3142; x_wconf 91' lang='lat' dir='ltr'>unde</span> <span class='ocrx_word' id='word_1_239' title='bbox 1082 3107 1171 3141; x_wconf 86' lang='lat' dir='ltr'>versus</span> <span class='ocrx_word' id='word_1_240' title='bbox 1190 3089 1230 3141; x_wconf 87' lang='lat' dir='ltr'>illi</span> 
     </span>
    </p>
   </div>
   <div class='ocr_carea' id='block_1_5' title="bbox 137 3195 1231 3870">
    <p class='ocr_par' dir='ltr' id='par_1_5' title="bbox 137 3195 1231 3870">
     <span class='ocr_line' id='line_1_30' title="bbox 140 3195 1231 3262; baseline -0.005 -12"><span class='ocrx_word' id='word_1_241' title='bbox 140 3205 263 3250; x_wconf 86' lang='grc'><strong>181-88</strong></span> <span class='ocrx_word' id='word_1_242' title='bbox 282 3209 307 3249; x_wconf 95' lang='lat' dir='ltr'>et</span> <span class='ocrx_word' id='word_1_243' title='bbox 327 3203 378 3248; x_wconf 88' lang='grc'>180</span> <span class='ocrx_word' id='word_1_244' title='bbox 397 3208 441 3248; x_wconf 90' lang='lat' dir='ltr'>aut</span> <span class='ocrx_word' id='word_1_245' title='bbox 460 3214 512 3262; x_wconf 87' lang='lat' dir='ltr'>qua</span> <span class='ocrx_word' id='word_1_246' title='bbox 526 3199 623 3248; x_wconf 87' lang='lat' dir='ltr'>ratione</span> <span class='ocrx_word' id='word_1_247' title='bbox 637 3200 671 3247; x_wconf 91' lang='lat' dir='ltr'>ad</span> <span class='ocrx_word' id='word_1_248' title='bbox 684 3213 742 3246; x_wconf 90' lang='lat' dir='ltr'>cum</span> <span class='ocrx_word' id='word_1_249' title='bbox 754 3198 845 3261; x_wconf 91' lang='lat' dir='ltr'>ipsum,</span> <span class='ocrx_word' id='word_1_250' title='bbox 864 3213 915 3260; x_wconf 90' lang='lat' dir='ltr'>quo</span> <span class='ocrx_word' id='word_1_251' title='bbox 924 3196 982 3245; x_wconf 91' lang='lat' dir='ltr'>libri</span> <span class='ocrx_word' id='word_1_252' title='bbox 993 3195 1121 3255; x_wconf 88' lang='lat' dir='ltr'>exhibent,</span> <span class='ocrx_word' id='word_1_253' title='bbox 1139 3195 1231 3244; x_wconf 90' lang='lat' dir='ltr'>locum</span> 
     </span>
     <span class='ocr_line' id='line_1_31' title="bbox 138 3297 1229 3364; baseline -0.003 -17"><span class='ocrx_word' id='word_1_254' title='bbox 138 3301 230 3350; x_wconf 84' lang='lat' dir='ltr'>‹leferri</span> <span class='ocrx_word' id='word_1_255' title='bbox 249 3300 376 3364; x_wconf 89' lang='lat' dir='ltr'>potuerint</span> <span class='ocrx_word' id='word_1_256' title='bbox 394 3308 471 3363; x_wconf 83' lang='lat' dir='ltr'>etque</span> <span class='ocrx_word' id='word_1_257' title='bbox 489 3300 525 3349; x_wconf 88' lang='lat' dir='ltr'>ita</span> <span class='ocrx_word' id='word_1_258' title='bbox 544 3299 643 3361; x_wconf 88' lang='lat' dir='ltr'>deferri,</span> <span class='ocrx_word' id='word_1_259' title='bbox 662 3308 691 3348; x_wconf 91' lang='lat' dir='ltr'>ut</span> <span class='ocrx_word' id='word_1_260' title='bbox 709 3314 767 3347; x_wconf 88' lang='lat' dir='ltr'>cum</span> <span class='ocrx_word' id='word_1_261' title='bbox 787 3298 905 3347; x_wconf 86' lang='lat' dir='ltr'>tollendis</span> <span class='ocrx_word' id='word_1_262' title='bbox 924 3297 975 3345; x_wconf 89' lang='lat' dir='ltr'>illis</span> <span class='ocrx_word' id='word_1_263' title='bbox 993 3312 1016 3345; x_wconf 87' lang='lat' dir='ltr'>v.</span> <span class='ocrx_word' id='word_1_264' title='bbox 1038 3300 1160 3344; x_wconf 81' lang='grc'><strong>169-79</strong></span> <span class='ocrx_word' id='word_1_265' title='bbox 1181 3312 1229 3345; x_wconf 92' lang='lat' dir='ltr'>no-</span> 
     </span>
     <span class='ocr_line' id='line_1_32' title="bbox 137 3397 1229 3466; baseline -0.005 -14"><span class='ocrx_word' id='word_1_266' title='bbox 137 3419 197 3452; x_wconf 87' lang='lat' dir='ltr'>vum</span> <span class='ocrx_word' id='word_1_267' title='bbox 216 3403 314 3465; x_wconf 87' lang='lat' dir='ltr'>aliquid</span> <span class='ocrx_word' id='word_1_268' title='bbox 333 3410 358 3452; x_wconf 91' lang='lat' dir='ltr'>et</span> <span class='ocrx_word' id='word_1_269' title='bbox 376 3402 489 3450; x_wconf 89' lang='lat' dir='ltr'>iocosum</span> <span class='ocrx_word' id='word_1_270' title='bbox 507 3411 532 3450; x_wconf 88' lang='lat' dir='ltr'>et</span> <span class='ocrx_word' id='word_1_271' title='bbox 551 3405 619 3466; x_wconf 92' lang='lat' dir='ltr'>quod</span> <span class='ocrx_word' id='word_1_272' title='bbox 638 3402 699 3451; x_wconf 89' lang='lat' dir='ltr'>satis</span> <span class='ocrx_word' id='word_1_273' title='bbox 717 3402 852 3462; x_wconf 82' lang='lat' dir='ltr'>intellegas</span> <span class='ocrx_word' id='word_1_274' title='bbox 870 3415 927 3448; x_wconf 89' lang='lat' dir='ltr'>cum</span> <span class='ocrx_word' id='word_1_275' title='bbox 945 3399 1004 3458; x_wconf 91' lang='lat' dir='ltr'>risu,</span> <span class='ocrx_word' id='word_1_276' title='bbox 1023 3399 1045 3447; x_wconf 88' lang='lat' dir='ltr'>si</span> <span class='ocrx_word' id='word_1_277' title='bbox 1059 3397 1131 3458; x_wconf 88' lang='lat' dir='ltr'>velis,</span> <span class='ocrx_word' id='word_1_278' title='bbox 1150 3413 1229 3447; x_wconf 90' lang='lat' dir='ltr'>exor-</span> 
     </span>
     <span class='ocr_line' id='line_1_33' title="bbox 137 3499 1228 3566; baseline -0.004 -14"><span class='ocrx_word' id='word_1_279' title='bbox 137 3516 191 3553; x_wconf 87' lang='lat' dir='ltr'>tum</span> <span class='ocrx_word' id='word_1_280' title='bbox 210 3504 249 3554; x_wconf 89' lang='lat' dir='ltr'>sit.</span> <span class='ocrx_word' id='word_1_281' title='bbox 268 3519 351 3566; x_wconf 87' lang='lat' dir='ltr'>neque</span> <span class='ocrx_word' id='word_1_282' title='bbox 369 3502 452 3551; x_wconf 87' lang='lat' dir='ltr'>minus</span> <span class='ocrx_word' id='word_1_283' title='bbox 469 3501 547 3550; x_wconf 89' lang='lat' dir='ltr'>miror</span> <span class='ocrx_word' id='word_1_284' title='bbox 560 3518 684 3552; x_wconf 90' lang='lat' dir='ltr'>summam</span> <span class='ocrx_word' id='word_1_285' title='bbox 703 3503 775 3551; x_wconf 83' lang='lat' dir='ltr'>illem</span> <span class='ocrx_word' id='word_1_286' title='bbox 795 3501 948 3561; x_wconf 86' lang='lat' dir='ltr'>elegantiam</span> <span class='ocrx_word' id='word_1_287' title='bbox 967 3508 1044 3562; x_wconf 83' lang='lat' dir='ltr'>etque</span> <span class='ocrx_word' id='word_1_288' title='bbox 1059 3499 1228 3549; x_wconf 80' lang='lat' dir='ltr'>subtilitatem</span> 
     </span>
     <span class='ocr_line' id='line_1_34' title="bbox 137 3599 1230 3667; baseline -0.005 -12"><span class='ocrx_word' id='word_1_289' title='bbox 137 3605 185 3655; x_wconf 83' lang='lat' dir='ltr'>viri</span> <span class='ocrx_word' id='word_1_290' title='bbox 203 3605 349 3664; x_wconf 81' lang='lat' dir='ltr'>acutissimi,</span> <span class='ocrx_word' id='word_1_291' title='bbox 369 3603 413 3667; x_wconf 88' lang='lat' dir='ltr'>qui</span> <span class='ocrx_word' id='word_1_292' title='bbox 432 3602 606 3663; x_wconf 83' lang='lat' dir='ltr'>corrigendam</span> <span class='ocrx_word' id='word_1_293' title='bbox 626 3602 672 3660; x_wconf 89' lang='lat' dir='ltr'>sibi</span> <span class='ocrx_word' id='word_1_294' title='bbox 692 3612 773 3652; x_wconf 87' lang='lat' dir='ltr'>totam</span> <span class='ocrx_word' id='word_1_295' title='bbox 787 3603 859 3651; x_wconf 89' lang='lat' dir='ltr'>illam</span> <span class='ocrx_word' id='word_1_296' title='bbox 877 3617 995 3650; x_wconf 84' lang='lat' dir='ltr'>scaenam</span> <span class='ocrx_word' id='word_1_297' title='bbox 1006 3599 1179 3663; x_wconf 83' lang='lat' dir='ltr'>proposuerit3</span> <span class='ocrx_word' id='word_1_298' title='bbox 1200 3609 1230 3650; x_wconf 90' lang='lat' dir='ltr'>ut</span> 
     </span>
     <span class='ocr_line' id='line_1_35' title="bbox 138 3703 1229 3770; baseline -0.005 -14"><span class='ocrx_word' id='word_1_299' title='bbox 138 3723 261 3770; x_wconf 89' lang='lat' dir='ltr'>sequerer,</span> <span class='ocrx_word' id='word_1_300' title='bbox 281 3722 297 3756; x_wconf 88' lang='lat' dir='ltr'>a</span> <span class='ocrx_word' id='word_1_301' title='bbox 316 3722 356 3754; x_wconf 91' lang='lat' dir='ltr'>me</span> <span class='ocrx_word' id='word_1_302' title='bbox 376 3721 427 3754; x_wconf 89' lang='lat' dir='ltr'>non</span> <span class='ocrx_word' id='word_1_303' title='bbox 448 3703 595 3767; x_wconf 79' lang='lat' dir='ltr'>impetravi3</span> <span class='ocrx_word' id='word_1_304' title='bbox 619 3720 669 3753; x_wconf 90' lang='lat' dir='ltr'>non</span> <span class='ocrx_word' id='word_1_305' title='bbox 689 3706 756 3754; x_wconf 91' lang='lat' dir='ltr'>enim</span> <span class='ocrx_word' id='word_1_306' title='bbox 775 3707 909 3754; x_wconf 88' lang='lat' dir='ltr'>emendare</span> <span class='ocrx_word' id='word_1_307' title='bbox 928 3705 1016 3751; x_wconf 90' lang='lat' dir='ltr'>studeo</span> <span class='ocrx_word' id='word_1_308' title='bbox 1035 3710 1137 3765; x_wconf 89' lang='lat' dir='ltr'>poetam</span> <span class='ocrx_word' id='word_1_309' title='bbox 1156 3718 1229 3751; x_wconf 90' lang='lat' dir='ltr'>snm·</span> 
     </span>
     <span class='ocr_line' id='line_1_36' title="bbox 138 3802 1228 3870; baseline -0.004 -12"><span class='ocrx_word' id='word_1_310' title='bbox 138 3825 216 3867; x_wconf 84' lang='lat' dir='ltr'>mum,</span> <span class='ocrx_word' id='word_1_311' title='bbox 235 3811 277 3857; x_wconf 89' lang='lat' dir='ltr'>sed</span> <span class='ocrx_word' id='word_1_312' title='bbox 296 3809 340 3868; x_wconf 89' lang='lat' dir='ltr'>eis,</span> <span class='ocrx_word' id='word_1_313' title='bbox 359 3810 389 3856; x_wconf 90' lang='lat' dir='ltr'>de</span> <span class='ocrx_word' id='word_1_314' title='bbox 408 3807 499 3870; x_wconf 90' lang='lat' dir='ltr'>quibus</span> <span class='ocrx_word' id='word_1_315' title='bbox 517 3807 646 3866; x_wconf 82' lang='lat' dir='ltr'>ambigere</span> <span class='ocrx_word' id='word_1_316' title='bbox 664 3807 731 3867; x_wconf 89' lang='lat' dir='ltr'>licet,</span> <span class='ocrx_word' id='word_1_317' title='bbox 750 3807 812 3855; x_wconf 87' lang='lat' dir='ltr'>locis</span> <span class='ocrx_word' id='word_1_318' title='bbox 830 3804 1023 3867; x_wconf 81' lang='lat' dir='ltr'>interpretandis</span> <span class='ocrx_word' id='word_1_319' title='bbox 1035 3811 1079 3852; x_wconf 88' lang='lat' dir='ltr'>aut</span> <span class='ocrx_word' id='word_1_320' title='bbox 1091 3802 1228 3855; x_wconf 89' lang='lat' dir='ltr'>restituen-</span> 
     </span>
    </p>
   </div>
   <div class='ocr_carea' id='block_1_6' title="bbox 137 3910 556 3973">
    <p class='ocr_par' dir='ltr' id='par_1_6' title="bbox 137 3910 556 3973">
     <span class='ocr_line' id='line_1_37' title="bbox 137 3910 556 3973; baseline -0.005 -13"><span class='ocrx_word' id='word_1_321' title='bbox 137 3911 184 3971; x_wconf 90' lang='lat' dir='ltr'>dis,</span> <span class='ocrx_word' id='word_1_322' title='bbox 203 3911 224 3959; x_wconf 92' lang='lat' dir='ltr'>si</span> <span class='ocrx_word' id='word_1_323' title='bbox 242 3910 344 3973; x_wconf 87' lang='lat' dir='ltr'>possim,</span> <span class='ocrx_word' id='word_1_324' title='bbox 364 3925 467 3972; x_wconf 87' lang='lat' dir='ltr'>operam</span> <span class='ocrx_word' id='word_1_325' title='bbox 488 3911 556 3958; x_wconf 89' lang='lat' dir='ltr'>dare.</span> 
     </span>
    </p>
   </div>
   <div class='ocr_carea' id='block_1_7' title="bbox 0 0 1383 4574">
    <p class='ocr_par' dir='ltr' id='par_1_7' title="bbox 0 0 1383 4574">
     <span class='ocr_line' id='line_1_38' title="bbox 0 0 1383 4574; baseline 0 0"><span class='ocrx_word' id='word_1_326' title='bbox 0 0 1383 4574; x_wconf 95' lang='lat' dir='ltr'> </span> 
     </span>
    </p>
   </div>
  </div>
 </body>
</html>
