2754 4574
651 144 858 205 „24-

213 338 390 403 apparere,
424 337 495 380 cum
523 315 578 380 ille
606 312 699 397 gravi
728 313 778 377 ira
807 311 953 397 percitus
983 308 1151 375 comoedia
1171 307 1238 372 iam
1262 306 1308 371 ad

213 432 307 495 finem
330 434 484 511 vergente
506 428 605 511 paulo
628 430 718 508 ante,
745 445 842 507 quam
866 423 1021 488 iudicium
1044 421 1106 486 rite
1127 421 1305 485 instruere·

213 550 274 623 tur,
297 543 336 607 de
358 540 502 605 moribus
525 538 744 605 adulescentis
766 538 972 603 vehementer
997 540 1193 619 conquestus
1216 540 1307 599 esset

213 656 416 739 maximeque
444 654 616 739 prodigam
642 651 815 718 nebulonis
843 649 1005 715 luxuriam
1035 654 1198 728 notasset,
1226 667 1306 730 qua,

213 776 249 836 ut
270 768 369 833 nimio
393 786 547 850 equorum
569 764 675 830 studio
697 765 730 829 in
752 762 892 828 nubibus
905 761 1131 847 Phidippide-s,
1154 759 1306 825 omnibus

214 901 323 947 senem
353 879 463 961 bonis,
498 878 561 943 nisi
592 878 721 944 tandem
754 881 991 956 occurreretur,
1025 893 1195 941 eversurus
1228 893 1305 939 esse

214 993 388 1059 videretur.
431 999 497 1056 tum
519 1011 595 1056 vero
617 992 766 1057 iuvenem
787 995 851 1070 tot,
882 1008 965 1070 quae
996 985 1059 1052 sibi
1088 986 1306 1068 obicerentur,

214 1108 405 1192 probrorum
427 1104 650 1189 impatientem
670 1103 705 1168 in
728 1103 809 1168 haec
830 1103 932 1168 verba
954 1100 1119 1185 erupisse:

422 1232 485 1297 ἀλλ’
511 1232 538 1297 εἶ
557 1238 687 1316 σορέλλη
708 1235 758 1295 καὶ
780 1228 879 1314 μύρον
901 1233 951 1293 καὶ
973 1232 1095 1297 radatur.

298 1365 395 1431 audio
418 1365 568 1447 equidem
589 1364 693 1428 virum
716 1363 953 1441 doctissimum3
985 1361 1043 1428 sed
1072 1381 1156 1443 quae
1186 1360 1226 1424 de
1256 1362 1307 1424 lu-

215 1477 309 1542 xuria
330 1477 388 1542 filii
409 1477 549 1562 prodiga
571 1478 630 1541 tali
653 1479 725 1542 loco
747 1476 909 1556 narravit,
940 1495 978 1540 ea
1000 1494 1115 1559 parum
1136 1473 1307 1556 intellego.

215 1610 290 1655 nam
313 1610 396 1673 quae
418 1589 482 1671 eis,
508 1589 561 1672 qui
585 1589 830 1670 antecederent,
861 1588 1008 1654 versibus
1030 1587 1063 1651 in
1084 1586 1184 1650 lilium
1208 1591 1308 1670 pater

216 1702 345 1782 dixerit,
367 1723 407 1768 cx
428 1703 520 1788 ipsiS,
542 1705 575 1768 ni
590 1704 697 1784 fallor,
720 1701 774 1786 qui
790 1706 978 1782 sequuntur,
1002 1699 1057 1783 qui
1072 1705 1204 1784 praesto
1219 1706 1308 1781 sunt,

215 1816 405 1899 intellegere
417 1816 504 1881 licet.
533 1837 607 1880 num
626 1835 703 1881 vero
725 1815 765 1879 de
780 1814 909 1879 luxuria
922 1814 979 1878 filii
997 1819 1091 1899 pater
1104 1814 1156 1879 vel
1168 1814 1308 1878 verbum

216 1929 398 1995 memorat?
420 1928 501 1992 nihil
519 1929 638 2007 minus3
661 1949 755 2011 quem
777 1927 958 2013 sophistam
981 1933 1038 1991 aut
1060 1933 1221 1992 oratorem
1241 1924 1307 1991 sin-

217 2041 302 2124 gulis
326 2041 393 2106 suis
413 2042 522 2107 verbis
542 2041 687 2106 imitatus
709 2041 761 2122 sit,
783 2040 844 2105 hoc
865 2061 929 2105 non
952 2040 1020 2104 sine
1043 2040 1110 2104 risu
1133 2044 1233 2120 atque
1255 2039 1309 2104 ira

217 2160 312 2239 pater
325 2153 447 2220 edocet.
471 2154 548 2237 quid
562 2154 661 2236 igitur
673 2158 747 2219 ante
763 2154 821 2219 hos
833 2174 947 2220 versus
961 2153 1084 2218 dixisse
1098 2158 1223 2237 patrem
1238 2159 1307 2217 sta-

216 2266 369 2331 tuamus?
392 2266 472 2332 nihil
485 2266 574 2330 aliud
588 2286 683 2349 quam
698 2266 955 2332 artificiosiorem
970 2267 1038 2331 eius
1052 2265 1231 2330 orationem
1245 2287 1308 2332 nec

216 2379 420 2446 tolerabilem
443 2400 525 2459 esse,
549 2387 582 2471 ut
606 2400 670 2463 qua
693 2381 858 2466 sophistas
880 2381 955 2445 illos
978 2385 1187 2462 oratoresque
1213 2380 1308 2444 nefa·

217 2491 283 2556 rios
296 2491 433 2576 turpiter
448 2492 644 2572 imitaretur3
667 2494 786 2560 bellum
802 2493 866 2577 ipsi
884 2494 1011 2574 quidem
1027 2497 1062 2556 ut
1075 2510 1176 2576 puero
1192 2496 1225 2556 et
1235 2491 1308 2576 pul-

217 2603 356 2669 chellum
378 2603 412 2667 id
430 2605 544 2687 videri,
568 2605 626 2670 sed
649 2606 722 2670 aliis
746 2605 859 2670 auditu
881 2605 1112 2689 turpissimum.
1134 2611 1202 2669 tum
1224 2624 1308 2688 puer

216 2717 271 2782 illc
292 2716 573 2800 indignabundus,
597 2719 682 2802 quod
704 2719 786 2783 talia
809 2724 936 2784 curaret
957 2724 1053 2802 pater
1074 2718 1247 2784 morosior:
1272 2724 1307 2782 tu

217 2850 303 2910 vero,
326 2830 439 2913 inquit,
462 2833 598 2916 capulus
623 2853 657 2896 es
681 2839 713 2896 et
737 2840 902 2914 unguenta
930 2838 962 2897 et
984 2832 1085 2898 vittae
1108 2832 1139 2896 h.
1156 2854 1184 2898 e.
1207 2852 1307 2915 eapu-

217 2944 296 3008 laris
319 2965 429 3026 senen,
451 2946 542 3010 cuius
565 2945 738 3011 morositas
760 2951 858 3027 atque
881 2945 1109 3030 importunitas
1126 2945 1182 3009 vix
1198 2944 1308 3029 possit

217 3057 363 3140 perferri.
397 3057 439 3121 ad
463 3079 546 3140 quae
570 3080 669 3125 senex
691 3060 851 3124 clamans:
889 3059 969 3142 „hoc
990 3058 1072 3124 illud
1101 3064 1165 3138 est,
1188 3057 1307 3142 inquit,

217 3170 303 3252 quod
332 3171 427 3236 modo
455 3172 564 3236 verbis
591 3173 701 3257 attigi:
738 3194 778 3238 en
808 3174 959 3257 capulum
986 3178 1074 3236 tuum
1096 3209 1137 3218 —
1168 3193 1189 3235 a
1210 3171 1307 3256 Lysi-

217 3290 320 3349 strato
342 3284 496 3368 petiisti.“
509 3286 549 3370 11)
1062 3280 1064 3285 ’

291 3567 335 3632 11)
354 3569 463 3616 multum
482 3567 595 3618 versatos
614 3568 688 3618 video
706 3569 774 3618 viros
791 3570 950 3619 doctissimos
967 3570 993 3618 in
1005 3569 1045 3618 his
1055 3569 1166 3619 versibus
1178 3571 1307 3632 corrigen-

216 3667 269 3731 dis;
297 3683 343 3717 nec
360 3677 459 3730 tamen,
484 3670 589 3733 opinor,
614 3669 789 3719 emendatione
813 3687 876 3734 opus
900 3679 943 3720 est.
986 3687 1045 3720 nam
1064 3673 1167 3721 Bothe
1191 3672 1306 3736 quidem,

216 3783 274 3817 cum
297 3769 325 3818 in
348 3767 432 3833 primo
450 3786 523 3819 versu
541 3769 650 3819 mutavit
669 3763 774 3831 ἄλλων,
800 3773 930 3836 σορὲλλη,
951 3772 997 3821 καὶ
1015 3766 1111 3838 μύρον
1130 3773 1177 3821 καὶ
1195 3775 1305 3823 acturae

215 3869 234 3918 i.
253 3885 274 3918 e.
293 3871 402 3919 aliorum
421 3886 474 3921 esse
493 3871 542 3920 ista
560 3879 585 3920 et
604 3880 734 3932 unguenta
752 3880 777 3921 et
796 3872 886 3934 vittas,
909 3872 973 3921 nihil
996 3872 1090 3922 attulit.
1115 3889 1175 3922 sane
1199 3876 1304 3938 quidem

216 3970 330 4032 dicimus,
349 3971 375 4019 id
400 3975 468 4036 quod
486 3972 530 4021 ille
549 3966 606 4029 πὺξ
625 3974 672 4022 καὶ
690 3968 740 4030 λάξ
758 3974 882 4037 prohibet,
901 3990 987 4024 senem
1004 3974 1123 4023 amenum
1141 3991 1195 4025 esse
1213 3984 1238 4025 et
1256 3993 1303 4026 un-

217 4080 311 4133 guenta
329 4080 354 4123 et
372 4073 462 4136 vittas,
487 4090 537 4122 non
556 4076 683 4140 profecto,
714 4076 782 4139 quod
800 4074 844 4123 ille
861 4075 948 4138 fingit,
973 4090 1003 4125 ea
1022 4084 1151 4138 unguenta
1166 4077 1302 4142 vittasque,
