2754 4574
576 175 783 242 ..47..

137 384 296 466 ὀβελίσκον
320 380 464 459 ἔκαμψεν,
485 380 536 440 ‘lua
567 376 604 439 δι’
630 375 728 440 αὐτοῦ
757 378 870 451 κλέψαι
893 369 928 435 τὸ
960 368 1081 450 ἱμάτιον
1102 372 1228 460 δυνηθῇ

138 504 170 564 et
203 497 297 561 aliter
319 492 369 555 dul
405 492 438 553 de*
470 497 525 553 τοῦ
556 487 679 569 κάμψαι
710 487 868 565 ὀβελίσκον
897 487 946 547 καί
977 481 1112 569 pudenti
1136 483 1227 550 urnii

138 612 297 695 ἀφαίρεσις
319 613 376 670 tui
390 605 513 682 ἱματίου
529 603 648 686 ἐγένετο.
682 600 781 686 ἐπειδὴ
804 597 821 664 ὁ
845 589 1009 678 ὀβελίσκοξ
1024 595 1118 678 ὀρθός
1138 598 1229 675 ἔστιν,

141 717 389 803 ἕκαμψεναίτόν,
409 715 519 779 ίναίί
546 714 643 781 αὐτοῦ
663 714 760 796 uiduus,
782 711 818 776 τὸ
842 709 971 790 ἱμάτιον,
990 710 1103 776 eadem
1118 731 1229 776 omnes

141 835 240 902 antea
272 850 423 915 recepere
456 827 687 912 Aristophanis
719 824 877 904 editores,
914 822 1037 888 additis
1069 823 1109 890 de
1142 824 1228 889 furto

141 949 237 1029 notis,
251 945 356 1026 qualis
373 951 422 1009 est
440 950 517 1006 nota
531 939 715 1024 Bergleri
737 938 769 1002 in
785 936 962 1001 Burmanni
978 935 1135 1003 editione:
1148 937 1230 1002 satis

142 1062 294 1128 acerbam
318 1055 562 1121 insectationem
586 1073 674 1132 esse,
709 1051 737 1115 si
760 1048 889 1132 quidem
913 1048 1065 1115 Socrates
1087 1050 1229 1134 philoso-

143 1177 236 1260 phus,
259 1192 322 1236 non
345 1170 512 1252 vulgarem
536 1165 619 1231 alias
643 1164 837 1248 gravitatem
860 1182 940 1247 prae
971 1182 1005 1228 se
1039 1161 1165 1243 ferens,
1199 1164 1231 1227 in

145 1287 325 1372 palaestra,
359 1281 412 1347 ubi
435 1280 528 1366 pueri
557 1279 634 1344 nudi
671 1281 913 1355 exercerentur,
943 1280 1067 1341 vestem
1105 1276 1231 1341 furatus

145 1405 240 1465 esset.
264 1399 419 1462 comicum
442 1398 551 1458 autem
574 1391 626 1456 hie
656 1389 754 1456 etiam
787 1388 907 1469 videri,
943 1396 976 1452 ut
1010 1388 1088 1452 alibi
1122 1410 1232 1474 saepe,
1302 1396 1306 1401 ’

145 1513 288 1573 secutum
312 1506 463 1591 Eupolim
486 1525 568 1585 esse,
591 1503 646 1586 qui
669 1509 701 1570 et
721 1503 792 1588 ipse
816 1501 977 1567 furantem
999 1501 1233 1568 introduxisset

146 1623 314 1685 Socratem
337 1625 397 1683 etc.

230 1731 352 1817 primus
375 1730 513 1795 omnium
536 1727 711 1794 haesitavit
734 1728 774 1794 de
795 1728 867 1792 loco
882 1727 1061 1807 Brunck;
1084 1729 1138 1812 qui
1161 1750 1232 1794 cum

150 1845 227 1910 terri
250 1866 310 1909 non
333 1863 430 1928 posse
452 1842 621 1908 articulum
641 1840 703 1905 sibi
717 1841 946 1924 persuasisset,
970 1840 1075 1906 deleto
1095 1841 1232 1906 articulo

149 1957 277 2021 sauauvit
299 1956 492 2022 versiculum
514 1956 578 2020 ita:
607 1956 638 2017 ἐκ
659 1963 714 2039 τῆς
736 1955 925 2035 παλαίστρας
947 1950 1068 2033 ἱμάτιον
1089 1953 1233 2038 itqedflc.

231 2067 493 2133 Godofredus
516 2075 624 2134 autem
647 2068 811 2132 Hermann
825 2067 867 2148 ³),
896 2066 949 2147 qui
972 2087 1054 2132 uuus
1077 2067 1145 2133 fere
1169 2089 1234 2132 om-

147 2182 234 2246 nium
269 2180 479 2246 subtilissime
516 2181 749 2265 interpretatus
784 2186 833 2246 est
862 2179 1059 2262 Graecorum
1095 2179 1235 2261 fabulas,

148 2293 387 2359 Brunckianam
410 2292 499 2357 illam
523 2293 779 2358 emendationem
804 2293 906 2377 primo
935 2293 983 2357 ita
1014 2293 1168 2374 correxit,
1202 2300 1237 2358 ut

150 2407 180 2469 θ’
207 2405 328 2486 ἱμάτιον
350 2405 521 2487 legendum
545 2414 754 2490 proponeret,
786 2405 1058 2488 quemadmodum
1085 2405 1117 2470 in
1141 2407 1235 2471 Pluto

149 2524 210 2584 985
235 2519 431 2598 θοιματίδιον
452 2539 510 2602 pro
528 2517 557 2580 θ’
584 2519 738 2598 ἱματίδιον
761 2524 857 2584 antea
878 2520 995 2584 lectum
1016 2525 1114 2599 esset,
1136 2540 1175 2583 ae
1198 2541 1236 2584 ne

151 2633 224 2713 quis
247 2632 425 2697 offenderet
447 2631 479 2694 iu
503 2656 533 2694 τε
556 2632 718 2716 particula
741 2640 814 2716 pust
836 2632 1044 2718 participium
1079 2632 1237 2714 adhibita,

151 2743 365 2810 conferendos
388 2764 460 2810 esse
489 2744 643 2828 Aeschyli
666 2748 781 2826 Agam.
804 2768 854 2811 vv.
876 2748 916 2809 97
940 2766 1009 2830 sqq.
1038 2746 1237 2829 aliorumque

151 2858 244 2921 alios.
267 2857 476 2921 verumtalia
508 2879 578 2922 cum
607 2858 832 2939 emendasset,
865 2878 928 2923 non
964 2859 1011 2924 ita
1038 2859 1134 2924 valde
1167 2860 1237 2943 ipse

153 2991 243 3035 suam
266 2970 458 3054 probavisse
469 2973 494 3051 4)
518 2971 649 3036 videtur
672 2971 1004 3053 emendatiuneulam‚
1033 2972 1152 3056 quippe
1175 2991 1239 3053 qua

153 3083 232 3147 nibil
257 3083 392 3147 allatum
416 3103 549 3149 essene
574 3085 703 3150 sublato
726 3084 855 3168 quidem
878 3083 1014 3150 articulo
1050 3084 1092 3149 ad
1122 3106 1238 3151 sanan-

155 3196 229 3260 dum
254 3204 310 3262 aut
332 3202 418 3261 recte
440 3195 717 3280 interpretandum
741 3198 846 3262 locum
876 3195 1112 3266 intolerabilem
1142 3198 1239 3264 facile

152 3310 372 3392 intellegeret:
395 3329 470 3372 nam
483 3311 508 3388 ⁵)
532 3307 609 3390 quid
627 3310 758 3375 tandem
771 3315 895 3375 vestem
911 3312 962 3377 vel
985 3311 1119 3396 pallium
1143 3312 1240 3376 surri-

154 3424 263 3508 puisse
293 3420 483 3504 magistrum
526 3420 795 3485 callidissimum?
837 3423 1022 3508 appannis
1056 3422 1241 3488 vestimenti

155 3536 362 3600 esurientium
387 3531 578 3597 aviditatem
601 3534 813 3599 sedaturum‘?
842 3535 1045 3602 vendendum
1077 3534 1168 3616 prius
1190 3535 1242 3600 vel

156 3646 435 3730 oppignerandum
448 3645 476 3711 ei
491 3646 624 3730 pallium
639 3645 749 3720 fuisse,
765 3655 798 3712 ut
811 3654 981 3728 emeretur,
996 3667 1058 3731 quc
1075 3653 1241 3726 eenareut3

163 3817 240 3823 -n
280 3818 567 3826 ...-.—..—-———-

229 3922 256 3986 3)
275 3925 313 3972 ed.
334 3923 389 3976 Inv.
410 3929 478 3975 1810
498 3925 548 3973 vol.
565 3923 602 3972 1v
621 3939 646 3986 p.
668 3928 726 3974 102.

229 4024 257 4087 4)
277 4026 308 4074 cf.
327 4040 393 4088 quae
411 4027 497 4075 Beck
511 4024 582 4073 addit
599 4026 631 4073 (le
650 4025 758 4088 epistula
776 4026 808 4075 ib.

230 4122 257 4191 5)
279 4125 336 4174 viae
355 4127 532 4176 llcrmunnl
553 4128 593 4175 cd.
611 4126 657 4176 alt.
678 4131 746 4177 1830
760 4144 784 4190 p.
807 4132 850 4176 29.
