2754 4574
606 176 810 238 „10-

169 372 282 438 deerat
305 375 377 438 laus
398 411 439 420 -
460 371 654 440 Philonidae
666 376 703 456 ²),
726 396 819 461 quern
842 376 958 444 docere
973 397 1031 442 suo
1045 379 1171 444 nomine
1184 378 1255 462 ipse

168 492 202 551 ut
225 508 306 572 puer
326 488 477 553 iusserat.

250 599 308 664 sed
329 604 510 685 temporum
532 600 706 684 iniquitate
727 602 848 667 factum
873 608 932 684 est,
958 608 991 668 ut
1012 604 1159 670 interiret
1175 603 1255 669 haec

167 713 240 797 ipsa
262 712 390 793 fabula,
421 733 517 796 quam
545 696 685 779 omnium
712 715 850 800 primam
879 736 1021 782 summus
1048 723 1145 802 poeta
1167 717 1256 783 cives

168 824 294 908 ἠξίωσεν
316 825 493 910 ἀναγεῦσαιε
521 848 581 894 nec
602 847 719 894 venere
748 828 790 892 ad
812 829 896 894 hanc
918 835 1059 897 aetatem
1080 830 1144 896 nisi
1167 831 1255 914 frag-

168 947 278 1007 menta
300 925 364 1005 non
398 940 445 1005 ita
477 962 583 1026 pauca
614 941 758 1024 quidem,
792 943 849 1007 sed
878 943 994 1026 quibus
1017 984 1058 992 —
1080 944 1108 1008 si
1130 951 1255 1011 ceteros

169 1052 286 1118 audias
300 1054 328 1137 3)
351 1092 392 1099 -
413 1053 469 1119 vix
491 1054 615 1137 aliquid
637 1056 746 1138 magni
777 1055 817 1121 de
838 1055 952 1121 fabula
972 1057 1047 1141 ipsa
1069 1078 1256 1141 assequare.

252 1171 286 1230 at
309 1187 369 1248 ego
391 1166 492 1232 nihilo
521 1167 626 1233 minus
656 1167 716 1233 hoc
738 1167 816 1232 mihi
838 1188 954 1233 munus
976 1169 1159 1235 obeundum
1182 1190 1256 1235 con·

79 1349 81 1352 y
169 1276 275 1359 stitui,
298 1284 349 1360 ut,
373 1280 399 1344 si
423 1300 487 1361 qua
509 1300 660 1364 possem,
689 1281 730 1345 ad
752 1280 913 1364 integrum
936 1281 1004 1348 fere
1028 1304 1182 1350 revocare
1204 1306 1255 1350 co·

169 1389 329 1456 moediam
359 1392 574 1457 clarissimam
607 1413 756 1459 conarer:
793 1414 857 1476 qua
883 1394 916 1459 in
945 1416 979 1460 re
1007 1395 1094 1460 haud
1123 1396 1190 1462 scio
1213 1418 1256 1462 an

169 1522 232 1567 non
247 1501 425 1587 Oedipodis
447 1504 589 1570 officium
610 1506 688 1571 mihi
713 1506 896 1591 suscepisse
919 1508 1038 1573 nemini
1061 1508 1182 1586 videar,
1205 1510 1256 1575 cui

170 1616 325 1700 Sphingis
348 1618 499 1702 aenigma
524 1619 714 1684 solvundum
740 1621 838 1686 fuerit
859 1627 926 1686 tam
940 1623 1048 1688 multis
1063 1623 1256 1689 mortalibus

170 1750 231 1794 non
257 1730 412 1810 solutum;
445 1752 505 1815 ego
529 1752 622 1813 vero,
655 1733 734 1797 nihil
762 1741 868 1800 motus
895 1734 1034 1799 nominis
1056 1734 1194 1814 invidia,
1222 1736 1256 1800 id

170 1863 266 1907 ιιιιιιιιι
288 1850 364 1928 opto
388 1851 484 1927 atque
507 1847 609 1930 cupio,
633 1852 668 1911 ut
689 1854 756 1911 tam
778 1848 860 1913 bene
883 1849 961 1913 mihi
985 1848 1080 1914 cedat
1095 1869 1146 1914 res
1159 1870 1256 1933 quam

170 1957 305 2024 cesserit
317 1957 489 2042 Oedipodi,
514 1958 568 2038 qui
591 1960 724 2025 solverit
747 1960 907 2043 aenigma,
931 1960 1085 2026 occiderit
1100 1962 1256 2046 Sphinga,

172 2092 303 2137 uxorem
326 2071 454 2137 duxerit
476 2073 624 2137 Iocasten
649 2072 805 2155 reginam,
828 2093 963 2156 regnum
984 2074 1056 2158 ipse
1080 2074 1143 2139 sibi
1166 2095 1256 2140 acce-

170 2184 263 2268 perit.
307 2184 418 2249 conari
441 2185 580 2267 quidem,
605 2186 632 2250 si
655 2206 795 2271 possem,
819 2206 888 2250 sum
911 2206 1020 2251 ausus.

253 2297 379 2362 institui
402 2303 509 2363 autem
532 2299 677 2364 libellum
700 2299 756 2380 ita,
780 2305 814 2364 ut
835 2299 973 2384 primum
988 2319 1037 2382 ea,
1061 2319 1144 2381 quae
1160 2299 1260 2365 ceteri

172 2433 211 2477 ex
236 2410 426 2493 fragmentis
449 2410 614 2477 coniecere
636 2411 676 2477 de
699 2412 829 2493 fabula,
852 2413 1012 2492 afferrem,
1036 2411 1153 2477 deinde
1177 2432 1260 2494 quae

245 2609 271 2675 2)
291 2610 351 2659 nub.
372 2615 422 2661 529
435 2627 505 2675 sqq.:
525 2608 538 2661 ὁ
562 2603 684 2679 σώφρων
702 2625 731 2661 τε
743 2606 788 2678 χώ
801 2606 974 2678 καταπύγων
984 2604 1074 2678 ἄριστ’
1087 2605 1259 2675 ἠκουσάτην,

522 2709 611 2779 κάγώ,
631 2714 776 2782 παρθένος
793 2707 848 2780 γὰρ
869 2707 905 2762 ἔτ’
927 2703 964 2777 ἤν
983 2706 1054 2762 κούκ
1070 2708 1138 2777 ἐξῆν
1154 2707 1199 2763 πώ
1209 2732 1261 2781 μοι

592 2817 692 2878 τεκεῖν,

522 2913 648 2981 ἐξέθηκα,
668 2919 735 2972 παῖς
754 2910 864 2982 δ’ἐνέρα
883 2933 925 2973 τις
943 2911 1058 2980 λαβοῠσ’
1080 2910 1214 2966 ἀνείλετο.

244 3020 270 3085 3)
291 3022 322 3071 cf.
342 3035 408 3083 quae
427 3019 600 3068 Fritzsche
624 3018 651 3066 in
675 3017 888 3067 commentatione
911 3018 942 3067 de
961 3018 1065 3067 Daetal.
1084 3018 1161 3067 Arist.
1189 3033 1259 3080 prae·

173 3125 239 3171 fatus
257 3129 294 3170 est
313 3138 338 3184 p.
361 3126 387 3170 7:
410 3120 513 3183 ,iniquo
532 3135 593 3171 casu
611 3119 715 3181 accidit,
735 3127 776 3180 ut,
795 3135 853 3169 cum
871 3118 946 3169 multi
964 3119 1068 3169 huiusce
1086 3118 1188 3167 fabulae
1205 3130 1260 3164 vcr-

172 3241 214 3274 sus
232 3231 343 3274 aetatem
359 3222 486 3295 tulissent,
494 3229 592 3295 ,tamen
611 3237 642 3271 ne
660 3237 726 3271 unus
745 3222 847 3285 quidem
866 3223 937 3271 locus
950 3220 1059 3271 inveniri
1073 3226 1163 3282 posset,
1183 3233 1260 3280 equo

172 3342 268 3376 nexum
288 3323 419 3385 cretionis,
438 3324 596 3385 singularum
614 3338 779 3387 personarum
794 3332 886 3386 partes,
905 3323 983 3372 totius
997 3322 1105 3384 denique
1115 3318 1261 3369 comoediae

173 3428 363 3492 dispositionem
382 3426 456 3477 facile
475 3427 634 3491 perspiceres.
673 3441 733 3487 nos,
752 3440 910 3489 quamquam
929 3440 986 3488 spes
1006 3431 1043 3472 est
1061 3421 1114 3471 fleri
1133 3437 1214 3485 posse,
1233 3431 1262 3470 nt

86 3593 89 3597 ι
172 3529 225 3580 alia
243 3529 338 3578 omissa
355 3528 424 3592 prius
449 3529 589 3591 aliquando
614 3528 793 3590 suppleantur,
820 3525 942 3588 dissipata
967 3524 1019 3574 alia
1037 3531 1220 3573 connectantur
1237 3534 1262 3573 ct

173 3632 263 3682 avulsa
281 3631 308 3680 in
327 3647 373 3680 suo
392 3633 512 3694 quodque
530 3630 587 3678 loco
606 3637 776 3692 reponantur,
803 3627 856 3676 sive
874 3626 977 3690 repertis
996 3627 1074 3685 forte,
1101 3626 1122 3673 si
1140 3641 1207 3689 quae
1225 3626 1262 3674 vi-

173 3749 258 3782 rorum
273 3734 405 3782 doctorum
424 3733 512 3780 oculos
531 3732 682 3792 effugerunt,
701 3728 754 3778 sive
768 3727 872 3790 reliquis
885 3725 965 3789 pretio
976 3726 1059 3787 magis
1070 3742 1148 3789 quam
1157 3743 1262 3777 numero

174 3834 290 3895 delinitis,
309 3849 361 3882 non
380 3831 551 3881 dubitavimus
569 3838 655 3880 tamen
673 3829 714 3877 vel
733 3843 800 3877 nunc
817 3835 930 3877 nostram
948 3829 979 3876 de
994 3827 1189 3877 Daetalensibus
1207 3844 1262 3878 sen·

174 3935 288 3995 tentiam‚
306 3937 375 3984 haud
393 3933 570 3995 gravissimam
588 3930 660 3981 illam
680 3933 793 3990 fortasse,
812 3936 986 3979 verumtamen
1005 3937 1032 3977 ut
1051 3929 1077 3978 in
1095 3939 1169 3980 tanta
1180 3946 1263 3980 rerum

175 4037 326 4086 obscuritate
345 4043 410 4086 certe
429 4049 480 4083 non
499 4033 626 4095 ingratam
645 4032 751 4082 dicere“.
773 4058 804 4066 -
824 4031 987 4079 Boustedt
1004 4031 1022 4079 l.
1035 4031 1053 4080 l.
1073 4047 1098 4094 p.
1111 4036 1158 4081 10:
1181 4045 1263 4094 ,quae

174 4141 207 4188 sd
222 4138 304 4202 ipsam
323 4138 425 4188 fabulae
443 4135 570 4187 actionem
582 4134 699 4196 attinent,
718 4133 870 4198 paucissima
883 4139 984 4182 tantum
997 4140 1096 4184 extant.
