2754 4574
588 192 793 253 ..43-

149 394 282 459 crimine
305 392 456 473 absolvit,
479 397 514 456 ut
538 412 633 456 unum
656 411 731 456 vere
754 388 911 464 Atticum3
942 394 976 450 at
999 384 1136 450 iudicem
1160 379 1236 446 falsi
1309 386 1312 390 ⁴

148 504 278 586 iudicii,
307 506 405 570 filium
428 504 607 590 impietatis
637 505 808 585 falsaeque
836 498 1053 565 accusationis
1087 494 1234 562 condem-

150 626 221 698 nat3
246 618 474 701 castigandum
497 618 664 683 laboribus
676 623 774 700 atque
787 612 1023 680 emendandum
1047 607 1235 676 verberibus

150 733 235 818 patri
257 753 312 796 rus
335 730 560 796 abducendum
593 728 693 794 tradit
710 729 760 808 ³¹.)
797 733 864 791 tum
898 725 967 791 abit
1000 725 1235 804 abeuntemque

149 846 262 926 laudes
275 846 364 910 chori
387 844 538 927 senisque
550 847 802 928 prosequuntur;
826 840 894 904 abit
915 839 1000 904 idem
1018 836 1145 902 vinctus
1163 853 1234 899 oum

147 959 279 1044 Scythis
303 957 491 1034 nasitodica3
515 961 625 1021 manet
647 960 742 1041 pater
764 974 835 1018 oum
860 952 943 1016 liliis.

230 1072 297 1136 iam
319 1072 397 1154 quid
415 1070 621 1136 statuendum
639 1067 766 1133 videtur
783 1067 823 1132 de
840 1066 940 1130 filiis?
964 1084 1099 1150 quorum
1115 1069 1234 1127 utrum-

149 1206 210 1268 que
233 1206 405 1270 personam
438 1192 559 1248 mutam
589 1203 662 1248 esse
691 1179 925 1245 constituimus.
961 1178 1026 1242 ium
1050 1176 1104 1260 qui
1138 1176 1234 1240 collo·

149 1305 266 1380 quatur
288 1305 382 1383 pater
403 1299 436 1362 in
460 1296 564 1362 exodo
584 1317 655 1360 enm
679 1292 798 1359 mutis?
821 1312 899 1374 ergo
923 1296 1134 1356 amoveantur
1156 1287 1233 1353 muti

148 1411 204 1493 illi,
228 1419 261 1476 ut
283 1433 342 1496 pro
364 1409 648 1476 interlocutoribus
678 1407 823 1472 redeant.
851 1405 929 1488 quid
958 1410 1065 1470 autem
1095 1402 1234 1479 facilius

147 1545 243 1608 quam
266 1525 446 1609 improbum
474 1523 563 1588 illum
588 1522 725 1604 tingere,
753 1540 822 1584 cum
846 1519 910 1582 iarn
935 1518 968 1581 in
992 1537 1028 1582 eo
1063 1536 1135 1582 esse
1165 1515 1234 1579 ani-

146 1636 390 1717 madvertisset,
415 1644 448 1701 ut
466 1656 520 1700 rus
544 1634 776 1701 condemnatus
809 1630 1042 1711 abduceretur,
1077 1630 1233 1712 aufugere

145 1756 295 1815 conatum
313 1750 430 1815 cursim
453 1749 564 1815 abisse
587 1769 604 1813 e
627 1746 770 1812 scaena?
794 1743 937 1828 sequitur
961 1743 1109 1808 hortante
1132 1750 1234 1826 patre,

149 1863 297 1928 hortante
320 1864 416 1928 choro
440 1862 539 1940 filius,
563 1866 753 1943 sequuntur,
777 1858 830 1943 qui
847 1857 907 1922 uix
931 1857 1057 1937 abiere,
1081 1857 1234 1941 Scythae.

146 1982 257 2042 manet
278 1982 372 2060 pater
396 1977 484 2041 solus
507 1976 537 2039 in
562 1995 691 2054 scaena,
714 1974 790 2039 dum
812 1976 947 2041 redeant
968 1974 1035 2040 filii.

230 2090 390 2171 sequitur,
420 2090 451 2153 ni
476 2089 587 2168 fallor,
622 2088 710 2154 chori
738 2089 842 2154 altera
873 2087 1048 2174 parabasis
1080 2085 1233 2169 finitaque

145 2203 299 2287 parabasi
328 2202 411 2267 redit
438 2202 523 2267 tilius
546 2203 684 2286 probus,
716 2202 879 2268 reducitur
901 2202 1027 2267 vinctus
1051 2221 1071 2264 a
1093 2197 1234 2283 Scythis,

144 2422 219 2472 aliter
235 2439 289 2472 rem
308 2423 355 2472 sibi
375 2423 485 2483 cessisse,
506 2431 583 2485 atque
602 2421 766 2489 sperauisset3
786 2438 837 2471 non
857 2423 924 2472 enirn
944 2438 983 2484 ea,
1001 2437 1068 2486 quae
1086 2420 1233 2485 ipseiussis·

143 2535 193 2587 set,
212 2526 285 2574 illum
303 2525 419 2574 didicisse
438 2524 464 2572 in
483 2524 556 2583 urbe,
575 2526 618 2572 sed
637 2524 734 2584 bibere,
753 2526 820 2573 male
839 2540 942 2584 canere,
961 2524 1117 2573 luxuriosius
1136 2523 1234 2587 epulari

144 2630 185 2692 (el.
207 2630 236 2677 fr.
251 2632 302 2676 216
317 2631 381 2680 206:
402 2621 462 2675 ἀλλ’
484 2621 517 2674 oo‘
538 2620 595 2691 γὰρ
616 2623 705 2693 ἔμαθε
725 2621 801 2674 ταῦτ’
823 2627 915 2691 url.l;
935 2635 1013 2689 atque
1031 2635 1059 2675 ut
1077 2625 1234 2674 nitidioribus

142 2728 193 2776 illis
212 2728 322 2791 puerulis
340 2730 465 2791 placeret,
489 2730 587 2778 laevem
607 2743 660 2777 esse
679 2727 750 2789 genis
769 2735 905 2791 mentoque
924 2736 952 2776 ut
970 2728 1112 2788 anguillam
1131 2743 1233 2777 aureos-

139 2926 268 2994 χρυσοῦς
289 2926 362 2995 ἔχων
381 2925 566 2999 κικύιίὀυς);
587 2939 716 2995 praeterea
730 2945 791 2993 prae
809 2945 835 2978 se
854 2932 917 2978 ferre
937 2931 1034 2991 iurum,
1053 2932 1152 2992 legum,
1173 2946 1232 2979 cau·

142 3044 236 3089 sarum,
255 3029 405 3079 iudiciorum
423 3034 593 3081 execrandam
612 3033 726 3096 aliquam
744 3032 873 3095 peritiam,
893 3047 944 3095 qua
963 3032 1087 3095 optimum
1106 3047 1232 3096 quemque

142 3129 302 3192 opprimeret,
322 3140 350 3180 nt
369 3147 449 3194 paene
467 3133 562 3182 diceres
579 3148 713 3182 causarum
733 3132 805 3196 quasi
818 3131 1087 3196 cistamscitorumque
1101 3134 1231 3182 cumulum

142 3245 199 3280 cum
219 3246 272 3280 esse
292 3229 334 3298 (cs.
355 3234 386 3280 fr.
406 3237 455 3281 217
462 3237 533 3283 ¹231:
560 3234 585 3282 el
602 3230 642 3301 μὴ
666 3231 756 3282 δικῶν
776 3247 803 3281 τε
823 3228 970 3298 γύργαθος
991 3230 1184 3301 ψηφισμάτων
1202 3249 1229 3282 τε

141 3327 253 3397 horride)
275 3341 322 3381 etc.

213 3439 258 3491 31)
278 3443 355 3496 atque
382 3435 464 3494 legem
494 3434 591 3483 dedisse
609 3436 752 3484 Erechthea
777 3450 861 3497 regern
887 3436 1000 3500 suspicor
1024 3439 1076 3486 fere
1094 3439 1173 3488 hanc:
1199 3453 1231 3487 nc

141 3535 197 3598 quis
217 3536 387 3599 sophistarum
408 3544 453 3584 aut
477 3543 606 3584 oratorum
625 3536 650 3584 in
670 3537 829 3599 disciplinam
850 3540 922 3587 daret
940 3538 1020 3592 filios:
1047 3539 1091 3601 qui
1114 3540 1231 3599 dedisset,

139 3647 168 3686 ut
187 3639 208 3686 is
227 3655 321 3699 nragna
340 3640 421 3687 multa
440 3641 603 3698 multaretur3
629 3655 706 3702 quam
725 3639 841 3688 solvisset
858 3640 1003 3703 pecuniam,
1028 3656 1084 3689 eam
1108 3641 1133 3689 in
1153 3658 1230 3692 naves

140 3748 164 3787 ct
187 3755 274 3788 muros
298 3741 494 3802 impendendam
519 3756 573 3790 esse
598 3741 641 3805 (cf.
665 3743 695 3789 fr.
722 3746 851 3805 2201241:
880 3744 920 3797 εἰς
948 3738 996 3799 τὰς
1020 3737 1143 3809 τριήρεις
1168 3742 1231 3796 δεῖν

137 3836 263 3891 α’ναλοῠν
283 3838 370 3890 ταῦτα
390 3842 436 3891 καὶ
456 3838 489 3889 τὰ
511 3842 615 3907 τείχη).
630 3870 662 3878 -
685 3840 745 3908 [quo
765 3845 795 3891 de
814 3844 957 3903 fragmento
976 3859 1041 3891 unus
1054 3854 1140 3893 monet
1153 3847 1229 3894 veris-

139 3942 201 3989 sime
220 3942 308 3989 Koch
333 3939 395 3992 dein
418 3942 569 3990 infinitivum
589 3957 654 4002 esse,
685 3943 729 4007 qui
754 3914 902 4007 pendente
927 3947 1004 4012 φημί
1020 3946 1059 3995 vel
1083 3945 1128 3994 tali
1153 3948 1229 3996 verbo

139 4057 163 4104 p.
185 4046 246 4090 447.
267 4070 298 4076 -
319 4058 349 4090 ac
369 4043 536 4104 seiungendos
555 4045 602 4092 hos
621 4060 706 4094 versus
725 4061 793 4106 esse,
817 4061 882 4108 quos
907 4048 940 4094 ad
959 4063 1038 4096 unum
1057 4049 1228 4108 fragmentum

139 4142 205 4202 (220
224 4142 268 4207 K.)
290 4144 430 4194 conflavere
449 4143 564 4195 homines
582 4146 728 4207 doctissimi,
748 4147 811 4195 mihi
829 4148 962 4212 persuasi}
