2754 4574
580 198 857 270 -54-.

142 402 412 489 necopinantibus
434 403 612 488 discipulis,
636 403 751 487 quibus
775 406 882 470 verbis
910 404 990 469 nihil
1014 404 1108 469 aliud
1132 401 1239 486 signi·

143 515 230 580 licari
255 515 413 598 videatur,
438 537 532 600 quam
557 516 667 582 abisse
697 519 779 582 clam
803 517 995 600 magistrum
1018 541 1036 584 a
1060 518 1241 602 palaestra

143 627 411 713 necopinantibus
434 627 612 714 discipulis,
635 630 904 713 quemadmodum
936 652 1084 696 sermone
1120 638 1240 695 nostro

143 739 261 823 pileum
285 741 497 824 baculumque
521 742 721 827 prehendere
738 742 822 808 idem
834 744 931 823 valet,
955 740 1042 826 quod
1063 743 1242 808 abiturum

142 873 214 918 esse
250 855 302 918 vel
330 854 364 918 id
386 854 491 939 ipsum
504 857 544 938 11)
567 856 669 921 abire.
713 863 809 940 atque
842 863 943 921 totam
971 878 1037 922 rem
1070 854 1241 940 intellego

142 962 204 1028 ita:
228 965 373 1031 esuriunt
394 967 561 1053 discipuli3
591 991 691 1034 cenae
713 969 792 1033 nihil
815 974 947 1053 praesto
970 975 1035 1047 est3
1068 974 1140 1034 tum
1168 991 1241 1034 ma-

141 1076 244 1158 gister
266 1077 308 1142 ad
330 1101 475 1145 mensam
496 1082 621 1147 accedit
644 1084 827 1147 veruculum
849 1102 946 1146 mauu
972 1089 1101 1161 tenens,
1137 1081 1241 1164 quasi

141 1210 253 1254 cenam
276 1191 419 1274 aliquam
443 1194 611 1279 discipulis
633 1200 899 1279 praeparaturus.
922 1195 987 1258 iam
1017 1193 1130 1259 cinere
1155 1195 1239 1259 exili

142 1305 330 1388 conspergit
351 1327 506 1388 mensam,
531 1307 580 1371 cui
605 1307 695 1372 cibos
720 1307 861 1374 debebat
883 1309 1064 1392 impone-re3
1095 1327 1238 1373 verucu-

141 1415 207 1479 lum
230 1423 343 1481 curvat
365 1425 594 1504 curvatumque
618 1419 779 1484 cineribus
801 1419 849 1483 ita
872 1419 1034 1503 imprimit,
1058 1424 1095 1482 ut
1118 1437 1237 1486 exore-

141 1529 344 1612 retorligura
366 1532 572 1613 geometrica,
595 1552 688 1596 arcus
712 1531 840 1615 quidam
864 1537 997 1596 curvato
1009 1531 1168 1596 verucula
1194 1532 1236 1596 si-

141 1639 241 1719 milis,
264 1641 381 1709 deinde
396 1683 432 1690 —
446 1643 596 1708 nanrelco
608 1643 779 1730 particula.
791 1644 837 1707 ita
860 1644 1021 1708 disiuncta
1044 1642 1124 1707 mihi
1138 1665 1234 1709 veru-

140 1754 243 1818 culum
267 1764 298 1820 et
321 1756 459 1822 circinus
481 1757 645 1837 videntur,
682 1764 714 1822 ut
737 1758 828 1841 sequi
851 1757 1008 1822 noluerim
1030 1757 1232 1823 Herman-

140 1885 245 1948 uum,
279 1868 331 1951 qui
354 1870 540 1934 veruculum
575 1891 632 1954 pro
662 1869 781 1934 circino
815 1874 975 1952 sumptum
1011 1868 1172 1953 explicuit
1193 1911 1232 1918 —

140 1978 293 2045 circinum
317 1981 421 2065 ipsum
446 2003 542 2048 manu
567 1982 757 2067 prehendit,
779 1983 933 2047 circulum
955 1984 1008 2047 vel
1035 1981 1149 2066 potius
1175 1983 1230 2048 cir-

140 2092 202 2156 culi
226 2113 335 2178 arcum
353 2093 515 2177 describit,
540 2101 574 2159 ut
588 2096 755 2179 problema
771 2094 1001 2178 geouretrioum
1017 2093 1227 2178 nescioquod

141 2203 355 2271 existeret-
384 2208 594 2290 nequeenim
620 2208 720 2272 tradit
753 2208 931 2292 discipulus
963 2226 1067 2287 neque
1102 2205 1228 2272 intelle-

140 2316 243 2383 xisset
265 2319 404 2383 rusticus
437 2320 490 2383 ille
512 2356 554 2365 —
585 2326 680 2404 atque
715 2342 784 2385 cum
820 2340 929 2385 omues
956 2316 1179 2384 intendissent
1194 2319 1230 2398 ¹²)

139 2449 264 2511 manus,
279 2432 398 2512 oculos,
411 2439 534 2497 mentes
552 2433 663 2516 liguris
682 2431 948 2517 contemplandis,
971 2429 1231 2512 considerandis,

140 2542 384 2625 examinandis,
415 2553 449 2610 ut
475 2566 578 2631 paene
609 2547 883 2621 obliviscerentur
898 2543 1026 2609 inediae
1054 2543 1231 2627 famisque,

141 2664 269 2740 arrepto
293 2658 376 2722 olam
399 2659 499 2742 pallio
508 2709 515 2740 ,
544 2659 693 2743 quod'ad
716 2653 1011 2744 plrilbsophandum
1044 2665 1145 2720 antea
1174 2679 1228 2743 po-

140 2775 261 2850 suerat,
285 2771 353 2835 abit
375 2773 531 2854 magister
554 2795 570 2838 e
593 2773 839 2858 plurontistorio3
871 2792 946 2834 nam
970 2769 1023 2853 qui
1046 2769 1133 2834 fame
1157 2791 1230 2854 pre·

141 2890 317 2961 merentur,
341 2905 421 2967 quos
444 2885 513 2970 ipse
537 2885 633 2950 modo
657 2885 767 2968 liguris
792 2881 997 2966 geometricis
1031 2902 1070 2945 ac
1097 2884 1229 2965 proble-

140 2995 236 3059 matis
260 2997 460 3062 refersissetl
497 3005 594 3080 atque
619 2997 758 3062 rusticus
778 3016 893 3074 senex,
924 2993 1034 3078 quiid
1058 2992 1159 3060 facile
1184 2995 1229 3060 in·

139 3108 300 3174 tellcxcrit
322 3130 379 3193 pro
392 3131 471 3175 cena
483 3112 604 3193 figuras
627 3110 729 3176 fuisse
754 3107 932 3192 discipulis,
955 3107 1127 3187 exclamat,
1150 3108 1231 3190 quid

139 3220 308 3288 Thaletem
331 3222 418 3286 illum
443 3222 657 3288 admiratione
681 3223 811 3306 dignum
834 3219 953 3298 videri,
977 3218 1031 3300 qai
1053 3238 1230 3302 numquam

139 3333 171 3396 id
195 3335 348 3414 etl'ccerit,
372 3334 457 3418 quod
480 3335 647 3416 Socrates,
684 3345 717 3400 ut
740 3333 917 3418 geometria
952 3331 1071 3396 famem
1096 3333 1231 3402 sedaret

137 3559 139 3564 .
212 3529 256 3599 11)
275 3535 306 3582 cf.
325 3536 439 3583 Acharn.
463 3539 542 3584 1139:
563 3529 616 3598 ἐγώ
637 3531 667 3583 δὲ
688 3528 843 3601 θοίμάτιον
863 3531 953 3597 λαβὼν
973 3531 1132 3604 ἐξέρχομαι.

212 3630 255 3701 12)
275 3636 306 3683 cl.
326 3635 392 3698 llqu.
414 3640 463 3686 418
484 3651 556 3698 sqq.=
576 3628 720 3697 ἐξηπάτων
744 3621 797 3700 γὰρ
823 3631 887 3692 τοὺς
905 3637 1061 3704 μαγείρους
1086 3632 1232 3700 ἐπιλέγων

1070 3741 1193 3786 τοιαυτί·

576 3835 734 3902 σκέψασθε,
756 3834 864 3892 παῖδες·
896 3833 949 3902 οὐχ
969 3834 1066 3903 ὁρᾶτ’;
1086 3830 1145 3904 ὥρα
1170 3841 1229 3893 νέα.

1057 3934 1193 4004 χελιδών.

475 4035 477 4038 ’
577 4042 604 4090 oi
630 4028 657 4087 ‹l'
687 4037 819 4103 ἔβλεπον,
852 4033 928 4103 κάγὼ
958 4035 984 4089 ’v
1020 4035 1147 4105 τοσούτῳ
1175 4046 1232 4092 τῶν

936 4136 1025 4205 κρεῶν
1045 4137 1193 4196 ἔκλεπτον.
