2754 4574
594 180 903 269 -rs-„

154 394 187 453 at
210 385 287 468 quid
315 384 348 449 in
376 403 415 448 ea
437 402 471 446 re
495 380 581 445 iooi‘?
611 387 679 445 tum
701 382 778 467 quid
806 380 839 446 in
867 383 1036 467 palaestra
1072 384 1258 449 mensam?

153 499 237 566 unde
261 495 518 589 subitovciueres
541 513 674 578 sparsos
703 494 736 558 in
766 494 824 558 illa
862 495 999 561 mensa?
1037 495 1128 562 unde
1168 498 1260 580 quod

153 635 212 699 pro
235 612 354 677 circino
378 613 464 675 esset
486 607 695 674 veruculum‘?
717 613 881 692 postremo
904 627 966 690 quo
989 608 1131 675 tandem
1156 610 1260 677 modo
1340 595 1342 664 ἕ

154 726 273 792 circino
297 723 451 789 circulum
473 721 710 787 describentem
733 726 856 786 vestem
880 720 1044 804 (plurari
1072 722 1261 791 Socratem

153 838 323 924 potuisse?
358 834 438 901 satis
461 833 590 917 quidem
621 832 653 896 id
682 852 842 918 apparere
870 833 951 898 illud
980 833 1089 919 ipsum
1115 834 1262 927 ἱμάτιᾳν,
1345 881 1346 886 1

154 958 189 1018 nt
211 971 324 1036 parum
349 954 470 1034 aptum,
493 945 680 1011 mutandum
704 966 790 1024 esse3
813 946 1009 1033 itaqueipse
1023 949 1263 1018 coniecturam

154 1063 324 1149 proposuit
345 1059 531 1126 acutissime
552 1058 735 1139 inventam,
769 1080 833 1141 qua
867 1060 960 1145 quasi
994 1081 1057 1127 uno
1079 1061 1155 1128 ictu
1191 1085 1263 1131 non

155 1177 257 1242 solum
281 1173 472 1260 profligatae
496 1190 553 1238 eae
576 1192 687 1237 omnes
710 1170 895 1239 viderentur
923 1172 1160 1257 difficultates,
1198 1176 1266 1243 sed

155 1291 254 1357 etiam
275 1293 378 1353 totum
399 1284 480 1350 illud
503 1283 748 1350 acerbissimum
771 1285 957 1352 vestimenti
986 1284 1108 1351 furtum
1142 1289 1264 1356 subla-

89 1394 92 1399 ’
155 1406 342 1483 fumasset,
365 1404 487 1464 mutato
510 1417 606 1464 versu
627 1396 689 1461 ita:

365 1514 396 1576 fa
416 1520 471 1598 τῆς
491 1513 681 1592 παλαίστρας
703 1507 899 1589 θυμάτων
921 1506 1065 1595 ὑφείλετο.

154 1625 406 1711 intellegendam
445 1630 553 1690 autem
596 1629 697 1688 totam
738 1643 805 1689 rem
829 1643 901 1689 esse
934 1624 1000 1689 ito:
1046 1625 1252 1693 esurientem

155 1763 225 1808 oum
242 1737 458 1807 esurientibus
475 1735 644 1820 discipulis
662 1735 830 1802 adstitisse
844 1735 1011 1801 Socratem
1026 1736 1059 1800 in
1075 1738 1256 1823 palaestra

155 1856 197 1920 ad
220 1872 381 1932 mensam,
418 1849 450 1913 in
473 1868 536 1932 qua
559 1853 590 1913 et
617 1849 726 1913 hostia
749 1855 798 1930 et,
835 1850 952 1932 quibus
976 1849 1018 1913 ad
1042 1869 1144 1917 saera
1168 1872 1256 1937 opus

156 1973 236 2047 erat,
251 1965 466 2030 instrumenta
482 1961 652 2039 iacebant3
669 1961 715 2025 ibi
728 1983 873 2027 mensam
887 1960 1111 2045 conspersisse
1131 1962 1252 2043 cincre,

155 2079 248 2144 ouius
270 2075 365 2160 copia
388 2073 504 2140 fuisset
528 2094 568 2139 ex
589 2073 664 2155 igne
688 2094 851 2138 sacrorum
875 2093 975 2139 causa
1004 2092 1169 2157 accenso,
1203 2094 1262 2165 ar,

155 2196 312 2276 reptoque
334 2208 413 2254 veru
444 2206 545 2268 eoque
571 2185 605 2250 in
637 2185 748 2251 circini
784 2185 911 2251 modum
933 2184 1050 2251 inflexo
1089 2185 1249 2255 circulum

157 2303 305 2389 coepisse
328 2299 523 2379 describere,
547 2298 639 2379 siout,
662 2297 716 2381 qui
739 2297 1026 2382 circumageretur,
1050 2296 1170 2364 circini
1193 2320 1253 2387 pes

156 2417 297 2482 hostiam
321 2412 480 2498 arriperet
503 2431 676 2491 secumque
699 2410 853 2477 auferret.
876 2431 972 2475 sacra
994 2415 1102 2474 autern
1135 2412 1171 2478 in
1196 2433 1254 2499 pa-

156 2532 281 2596 laestra
303 2527 465 2591 Hermaea
488 2523 577 2588 faeta
597 2543 670 2589 esse
693 2529 753 2590 etc.
1343 2513 1344 2516 ¹

240 2641 324 2705 hano
347 2634 575 2703 Godofredi
600 2635 815 2701 coniecturam
840 2654 972 2720 prorsus
991 2632 1167 2718 amplexus
1188 2642 1255 2719 est,

158 2755 213 2837 qui
236 2754 372 2818 alteram
397 2749 528 2816 nubium
554 2748 715 2815 recensuit
737 2748 927 2829 editionem,
962 2747 1136 2811 Carolus
1161 2749 1255 2816 Fri-

158 2866 327 2934 dericus
348 2864 512 2929 Hermann
536 2864 660 2947 (opusc.
686 2863 830 2945 Gotting.
854 2863 934 2925 1849
969 2882 999 2945 p.
1022 2863 1084 2925 264
1106 2871 1173 2944 sq.)
1211 2883 1257 2929 ex

159 2975 433 3066 splendidissimis
457 2975 603 3041 scribens
635 2975 725 3038 illam
748 2974 1005 3041 emendationem
1034 2993 1106 3038 esse
1140 2994 1256 3059 neque

157 3111 309 3175 umquam
333 3088 513 3171 elegantius
534 3094 591 3152 aut
613 3087 742 3152 facilius
765 3095 916 3152 sanatum
939 3107 1011 3152 esse
1026 3086 1126 3150 ullum
1141 3087 1255 3157 loeum

159 3209 353 3289 corruptum,
377 3200 527 3283 idemque
551 3199 659 3266 fecere
682 3200 738 3264 alii
761 3200 930 3280 iudicium,
953 3197 1035 3264 tanti
1058 3197 1119 3263 viri
1142 3200 1252 3267 secuti

159 3317 395 3393 auctoritatem,
418 3314 507 3378 velut
530 3312 698 3379 Teuffel
721 3313 768 3397 lin
792 3312 869 3379 edit.
892 3312 981 3396 Lips.
1004 3332 1034 3396 p.
1052 3310 1119 3393 46).

242 3449 303 3512 ego
326 3447 402 3492 vcro
425 3446 491 3491 rem
513 3424 562 3488 ita
583 3424 745 3491 intellexi:
773 3424 919 3492 esuriens
942 3423 1070 3489 adstitit
1092 3422 1258 3495 Socrates

159 3560 291 3608 mensae
313 3539 345 3603 in
369 3538 536 3623 palaestra
559 3537 774 3602 constitutae:
798 3556 894 3620 quam
916 3535 1022 3601 dicam
1044 3535 1134 3600 illam
1158 3558 1257 3606 men·

160 3672 229 3719 sam
251 3651 377 3716 fuisse?
412 3671 527 3734 nempe
550 3670 637 3729 cam,
670 3670 733 3733 qua
754 3648 893 3714 hostiam
917 3649 1089 3727 secabant,
1123 3646 1257 3719 divide·

160 3767 259 3843 bant,
294 3762 532 3828 distribuebant
555 3761 784 3827 sacrificantes.
809 3761 986 3825 adstabant
1019 3760 1118 3844 igitur
1142 3760 1256 3831 eidem

160 3896 293 3942 mensae
315 3876 474 3941 sacrificio
503 3894 666 3955 cenaeque
689 3874 802 3940 intenti
826 3875 877 3940 vel
900 3873 992 3958 pueri
1014 3874 1064 3939 vel
1089 3874 1176 3941 servi
1200 3882 1257 3946 vel

160 3986 289 4054 famuli:
322 3987 364 4051 ad
400 4008 480 4070 quos
503 3987 672 4051 adstantes
699 3987 839 4054 accessit
871 3985 1100 4071 philosophus,
1138 3992 1255 4055 carnis

161 4121 258 4167 assae
280 4100 417 4165 frustum
452 4106 506 4165 ant
535 4099 695 4182 petiturus
724 4105 780 4165 aut
809 4105 1005 4183 arrepturus.
1042 4105 1139 4182 atque
1171 4101 1254 4183 illis,
