2754 4574
577 197 783 258 -28..

192 399 219 462 7.
242 397 296 495 (ἒξ
309 399 357 498 ξι)
380 393 398 460 ὃ
422 394 449 455 ‹l'
474 391 621 480 ἡλιαστὴς
641 391 720 476 εἷρπε
743 394 818 477 πρὸς
838 395 894 481 τὴν
915 397 1059 480 κιγκλίδα,

138 543 232 605 quem
256 539 384 586 versum
407 517 519 584 Kock
546 517 594 582 ita
616 518 759 603 explicat
787 522 831 604 (p.
853 520 945 606 444):
974 521 1040 586 iam
1067 522 1161 588 finito
1192 545 1233 590 eo

137 634 276 716 iudicio,
299 631 385 716 quod
407 637 713 698 commemoraretur
734 633 774 698 fr.
796 635 930 715 2011215
938 682 947 716 ,
970 635 1127 717 aliquem,
1151 657 1233 719 quo-

139 748 235 814 modo
257 746 292 810 id
314 745 435 810 factum
459 750 556 826 esset,
578 765 722 811 narrare.
747 745 801 826 (cf.
823 746 1002 831 Blaydes
1024 770 1055 832 p.
1080 749 1165 832 114).

191 863 219 927 8¹
244 860 298 959 (ili
312 863 360 959 ξι)
382 857 439 924 τὸν
456 856 605 942 Ἒθέλθὲα
626 884 680 939 μοι
702 861 751 922 καὶ
773 858 830 924 τὸν
852 861 955 944 Afric
978 860 1069 940 κάλει,
1082 863 1121 943 14λ

139 1177 197 1220 tuor
213 1168 296 1218 verbis
320 1167 384 1216 nihil
408 1167 511 1217 retinuit
535 1166 583 1216 nisi
603 1167 724 1233 χαλκίον
743 1166 791 1216 καλ
809 1167 958 1234 μυρρίνας.
986 1195 1018 1204 -
1043 1183 1122 1217 unam
1141 1185 1234 1220 veram

139 1269 290 1322 emendandi
303 1269 427 1320 rationem
439 1269 502 1318 mihi
514 1269 617 1332 quidem
629 1269 668 1317 illi
680 1268 736 1332 ipsi,
755 1284 819 1332 quos
832 1269 914 1318 acrius
926 1269 1079 1333 vituperavit
1091 1270 1235 1336 Fritzsche,

140 1373 262 1424 Jacobs
292 1379 317 1421 et
334 1371 410 1420 ceteri
427 1370 503 1420 inisse
521 1371 651 1431 videntur,
676 1384 735 1418 cum
753 1377 782 1418 ut
807 1371 934 1431 glossema
953 1371 1029 1419 verba
1052 1371 1101 1420 tria
1119 1373 1236 1425 delenda

140 1481 296 1522 censuerunt.
336 1488 397 1522 sane
416 1472 518 1536 quidem
537 1459 673 1522 rectissime
692 1472 805 1532 Bergk
826 1469 862 1540 (p.
879 1468 941 1540 150)
962 1476 1122 1538 κοτταβτῖον
1137 1485 1235 1538 poetae

140 1589 194 1623 esse
214 1574 356 1635 confirmat,
377 1585 510 1638 propterea
528 1576 597 1638 quod
616 1574 650 1636 id,
668 1575 738 1636 quod
756 1575 887 1623 ostendere
905 1575 983 1623 vellet
992 1574 1149 1637 Athenaeus,
1170 1578 1236 1628 Ari-

140 1677 291 1738 stophanem
315 1675 429 1738 praemia
449 1675 544 1724 cottabi
562 1689 777 1736 commemorare,
800 1676 878 1738 plane
895 1690 947 1724 non
965 1677 1125 1740 perspicuum
1143 1678 1236 1748 fieret3

139 1785 167 1826 at
176 1792 228 1825 non
237 1776 357 1826 continuo
367 1778 399 1826 de
408 1777 560 1837 glossemate
573 1779 758 1840 desperandum
767 1785 811 1829 est.
824 1792 872 1838 ego
883 1777 985 1841 quidem
996 1778 1049 1842 ipse
1061 1786 1089 1828 ut
1101 1780 1236 1840 glossema

140 1879 249 1927 delenda
261 1893 351 1928 censeo
363 1878 413 1927 tria
424 1879 509 1940 verba,
528 1873 664 1944 nonlrorit‘
686 1875 746 1928 ἔστι
765 1881 936 1943 κοτταβεῖον,
953 1881 996 1929 sed
1015 1879 1135 1946 χαλκίον
1154 1878 1235 1932 τοῦτ’

141 1975 211 2040 ἔστι,
231 1995 297 2042 quae
309 1980 386 2028 verba
397 1981 429 2029 ab
438 1966 572 2044 interprete
582 1982 694 2043 quodam
705 1979 815 2043 ascripta
833 1979 946 2043 suspicor
963 1980 1120 2030 substantivo
1132 1998 1235 2032 κοττα-

139 2083 219 2145 βεῖον
237 2096 305 2142 esse,
330 2089 371 2143 ut,
397 2080 458 2144 quid
482 2084 644 2146 κοτταβεῑον
663 2089 727 2130 esset
747 2109 778 2116 —
798 2083 922 2130 hocloco
941 2081 1142 2150 falsoquidem3
1169 2099 1236 2134 nam

141 2184 281 2248 praemium
299 2183 341 2232 hic
365 2182 503 2245 significat,
529 2199 580 2232 nun
599 2199 645 2234 vas
667 2186 779 2232 ahenum
805 2211 837 2220 -
863 2184 1010 2248 explicaret.
1051 2183 1103 2233 iam
1127 2184 1238 2237 iambici

140 2287 246 2337 trimetri
266 2285 380 2348 extitere,
400 2301 464 2349 quos
483 2284 628 2348 aptissimos
646 2301 696 2347 ego
715 2285 819 2349 quidem
837 2285 957 2336 arbitror:

423 2382 521 2452 ἔγνωκ’
543 2381 598 2452 ἐγὼ
617 2384 649 2438 δὲ
669 2389 831 2451 κοτταβτῑον
851 2383 965 2438 ἱστάναι

424 2488 470 2537 καλ
487 2489 629 2556 μυρρίνας
647 2489 703 2538 κτλ.

212 2592 238 2638 h.
258 2606 278 2639 e.
299 2604 363 2652 „ego
381 2605 441 2638 uero
460 2589 579 2639 constitui
597 2589 738 2653 praemium
756 2589 851 2638 cottabi
870 2589 975 2653 aliquod
998 2603 1106 2652 ponere,
1137 2598 1167 2640 ut
1191 2607 1239 2642 co·

142 2706 205 2740 rona
228 2698 327 2740 murtea
353 2691 428 2740 cincti
457 2693 601 2741 ludamus.“
650 2699 760 2740 ceterum
788 2705 840 2753 qua
869 2704 903 2738 ex
934 2705 1026 2739 scaena
1055 2690 1159 2740 fluxisse
1190 2709 1240 2744 eos

143 2807 230 2841 versus
248 2793 397 2856 putaverim,
417 2809 462 2841 suo
480 2791 537 2842 loco
557 2793 743 2843 demonstrabo.
762 2820 795 2828 —
814 2791 939 2852 attingere
957 2792 998 2840 hic
1018 2791 1114 2855 placuit
1132 2793 1240 2846 Cratini

142 2893 227 2942 locum
254 2894 472 2957 obscurissimum,
501 2911 576 2959 quem
603 2895 696 2943 ibidem
723 2895 813 2942 laudat
841 2893 1002 2942 Athenaeus:
1040 2895 1182 2960 Κρατῖνος
1204 2893 1240 2948 ἐν

144 2995 276 3060 Νεμέσει,
296 2991 333 3058 τῷ
353 2991 384 3045 dl
403 2993 526 3061 κοττάβῳ
545 2997 703 3062 πραθέντας
716 2991 746 3046 ἐν
764 2997 927 3061 πατρικοῑσι
948 2989 1048 3062 νόμοις
1067 2987 1096 3044 τὸ
1119 2996 1239 3047 κεινίου

141 3090 298 3161 ὀξυβάφοις
316 3089 425 3158 βάλλειν
444 3093 498 3164 μὲν
514 3094 552 3162 τῷ
572 3094 667 3161 πόντῳ
692 3093 724 3147 δὲ
743 3091 873 3158 βάλλοντι
895 3096 970 3163 νέμοι
995 3095 1112 3145 πλεῖστα
1131 3093 1239 3164 τάχης;

144 3198 235 3261 quibus
255 3200 286 3247 de
301 3199 383 3248 verbis
402 3207 540 3248 ceterorum
561 3199 725 3260 coniecturas,
744 3213 758 3247 e
776 3197 867 3261 quibus
884 3197 931 3246 vix
949 3197 1012 3246 lucis
1032 3197 1129 3260 aliquid
1148 3200 1240 3250 adful-

144 3308 204 3362 geat
221 3301 279 3349 loco
298 3300 487 3362 obscurissimo,
506 3301 562 3350 vide
581 3303 649 3365 apud
667 3300 760 3350 Kock
785 3284 809 3363 p
833 3303 866 3349 50
891 3307 916 3348 et
941 3302 982 3349 51.
1002 3314 1049 3360 ego
1069 3297 1165 3348 conieci
1185 3299 1240 3354 ita:

641 3399 691 3453 τὸν
709 3399 741 3453 δὲ
760 3395 894 3465 κότταβον

345 3503 438 3571 (λέγω)
458 3504 618 3573 πραθέντας
636 3508 712 3555 τοῖσι
731 3505 915 3569 πατρικοῑσιν
933 3494 1034 3569 νόμοις

344 3609 437 3662 κενοῖς
455 3602 486 3657 ἐν
504 3598 677 3671 ὀξυβάφοισι
696 3598 809 3670 βάλλειν
825 3599 880 3671 μὲν
899 3596 998 3666 ποτόν,

345 3702 383 3770 τῷ
402 3703 434 3756 δὲ
455 3700 484 3756 τὸ
506 3699 594 3757 ποτὸν
614 3701 744 3768 βάλλοντι
764 3705 881 3756 πλεῖστα
900 3699 986 3769 τύχης
1004 3702 1079 3768 νέμω

201 3810 227 3857 h.
248 3823 270 3858 e.
290 3808 391 3856 cottabo
409 3807 538 3871 proposito
557 3807 630 3855 iubeo
649 3820 683 3854 ex
701 3820 770 3855 more
790 3812 895 3868 paterno
914 3804 940 3852 in
958 3818 1040 3852 vacua
1058 3801 1193 3852 acetabula

200 3911 330 3973 potionem
348 3909 448 3972 inicere,
467 3910 490 3959 ei
508 3918 603 3968 autem,
622 3908 666 3971 qui
684 3907 777 3970 iniciat,
796 3921 922 3956 summam
940 3905 1050 3954 attribuo
1070 3906 1208 3956 fortunam.

220 4037 264 4107 14)
284 4057 344 4089 nam
362 4044 431 4105 quod
450 4041 626 4090 Dobraeus
655 4037 785 4102 proposuit
813 4021 862 4088 τὸν
877 4026 1016 4102 Ἐρεχθέα
1041 4011 1078 4102 Ιμε
1106 4034 1153 4083 καλ
1185 4030 1238 4088 τὸν

147 4143 236 4208 Αἰγέα
251 4136 337 4207 κάλει,
357 4143 474 4209 quamvis
487 4142 611 4192 subtiliter
623 4142 761 4201 inventum,
780 4155 832 4189 non
845 4137 962 4187 convenit
974 4149 1075 4201 propter
1088 4136 1237 4191 articulum.
