2754 4574
583 135 787 195 ..38-

142 330 197 395 ille
232 332 314 416 perii
347 333 467 415 inquit3
502 354 577 398 nam
614 333 756 417 leporem
796 332 969 397 comedens
1004 331 1242 416 deprehendar

144 440 309 522 quintiliolo·
340 448 450 508 τίλλων
471 445 527 510 τὸν
555 444 655 527 λαγῶν
683 443 901 530 ὀφθήσομαι);
937 450 1004 510 tum
1027 466 1124 526 ver0,
1163 467 1240 511 cum

142 577 252 623 senem
274 557 363 623 illum
387 559 542 624 misticum
561 558 694 644 propius
714 558 948 642 conspexisset,
971 557 1112 623 animum
1140 579 1240 624 suum

142 672 329 736 consolatur
350 678 382 737 et
405 671 602 738 confidenter
626 692 805 738 sermonem
826 671 902 749 iuit3
933 677 1042 754 rogat,
1065 671 1099 736 ni
1122 672 1241 754 fallor,

142 803 242 850 senex
249 832 258 864 ,
281 789 316 848 ut
338 784 391 867 qui
414 805 486 851 rure
508 785 603 851 modo
625 786 766 864 venerit,
789 784 867 868 qnid
889 784 964 850 novi
987 784 1109 848 factum
1135 785 1183 848 sit
1204 785 1240 850 in

142 896 236 976 urbe,
270 897 424 979 quidnam
447 898 614 982 epularum
636 898 688 962 hio
710 897 840 962 inierint
862 897 950 963 aives
972 903 1005 962 et
1028 896 1097 961 alia
1117 899 1240 964 neseio

142 1010 296 1090 quae²⁵);
331 1019 494 1094 postremo
524 1031 607 1092 quae
630 1030 731 1075 eausa
752 1011 815 1095 ipsi
838 1010 938 1076 fuerit
960 1009 1131 1091 veniundi,
1163 1012 1239 1096 plu·

142 1120 230 1186 ribus
253 1123 398 1207 exponit,
433 1123 465 1186 ni
489 1123 575 1188 fallit
601 1145 652 1189 me
679 1124 854 1207 ingenium,
878 1124 945 1189 fere
974 1124 1035 1188 ita:
1070 1123 1178 1189 lilium
1204 1133 1241 1190 ut

141 1232 276 1315 videret,
298 1256 372 1302 rure
394 1236 426 1300 in
449 1237 560 1302 urbem
584 1257 619 1301 se
642 1236 887 1319 demigravisse.
919 1256 1012 1317 quem
1035 1236 1138 1301 lilium
1163 1239 1239 1322 plu·

142 1345 230 1418 ribus
253 1347 346 1413 annis
369 1355 444 1414 ante
466 1350 498 1414 in
523 1350 635 1414 urbem
664 1369 699 1414 se
727 1349 857 1415 dedisse
886 1348 1099 1414 erudiendum
1130 1356 1238 1433 atque

142 1458 342 1525 educandum
372 1462 543 1546 sophistis3
579 1482 674 1545 quern
704 1461 769 1525 iarn
802 1462 962 1527 absolutis
992 1462 1109 1528 studiis
1139 1465 1238 1530 brevi

139 1593 292 1656 magnum
315 1580 410 1658 atque
432 1575 591 1640 illustrem
608 1574 692 1640 inter
711 1575 797 1640 cives
815 1575 956 1639 futurum
975 1596 1009 1640 se
1029 1595 1169 1659 sperare
1182 1578 1237 1658 ²⁶).

212 1827 256 1894 25)
277 1832 308 1878 de
327 1830 370 1892 eis,
389 1845 455 1893 quae
473 1838 573 1893 praesto
592 1836 671 1888 erant,
692 1836 717 1877 et
735 1828 842 1891 dapibus
860 1837 885 1876 et
903 1829 1038 1890 unguentis
1056 1836 1081 1877 et
1095 1829 1169 1879 vasis
1191 1829 1236 1899 (el.

139 1930 168 1980 fr.
190 1929 303 1995 23ll229
322 1926 396 1998 ἄγγη
414 1927 540 2000 μυρηρὰ)
557 1931 633 1980 verbs
657 1930 743 1979 fecisse
767 1946 824 1978 cum
843 1946 925 1992 eoquo
944 1937 969 1979 et
986 1938 1085 1992 patrem
1105 1939 1130 1981 et
1149 1933 1237 1984 filium

139 2031 212 2081 facile
232 2033 367 2083 conieceris
386 2035 514 2083 extribus
533 2032 687 2093 fragmentis,
706 2047 814 2095 quorum
832 2048 883 2080 uuo
903 2033 931 2082 fr.
945 2032 1058 2094 206l209
1080 2029 1144 2100 φέρ’
1170 2035 1234 2098 ἴδω,

139 2136 167 2182 τι
184 2131 290 2184 sordid
309 2133 363 2187 τῶν
381 2132 495 2202 μύρων;
517 2131 634 2199 ψάγδαν
653 2133 761 2198 φιλεῑςς
780 2133 807 2182 ni
826 2135 909 2195 fallor,
929 2135 960 2183 de
979 2135 1131 2196 unguentis,
1160 2140 1235 2201 quie-

139 2235 199 2298 quid
217 2236 292 2297 velit,
316 2239 435 2286 daturum
460 2253 486 2286 se
509 2237 563 2285 filio
587 2235 712 2300 promittit
730 2251 840 2298 eoquus,
867 2237 948 2285 altero
972 2238 1001 2285 fr.
1023 2235 1154 2295 205!230:
1185 2237 1236 2304 τῆς

136 2334 269 2404 μυρηρᾶς
292 2333 419 2401 ληκύθου
440 2338 443 2405 l
466 2338 536 2405 πρὶν
555 2329 702 2386 κατελάσαι
724 2332 774 2401 τὴν
794 2335 938 2398 anastas,
964 2333 1104 2403 ysaiualloe
1130 2333 1234 2407 μύρου

138 2437 205 2486 idern
223 2448 310 2487 monet
328 2441 435 2488 eundem
453 2447 481 2487 ut
500 2439 673 2502 agrestiorem,
693 2442 811 2502 spatham
832 2440 901 2502 prius
920 2441 1106 2488 immittendam
1128 2456 1187 2490 esse
1207 2443 1234 2492 in

137 2555 182 2588 vas
206 2542 415 2601 unguentarium,
441 2556 519 2604 quam
544 2549 646 2602 gustare
671 2538 744 2590 liceat
769 2538 802 2608 (si
820 2542 922 2604 quidem
942 2550 1007 2590 recte
1029 2538 1130 2602 Koek,
1149 2559 1234 2605 quem

138 2643 293 2704 sequendum
312 2641 411 2702 censui,
439 2639 565 2704 suppleuit
588 2637 646 2691 ἀλλ’
675 2637 708 2691 ου’
730 2639 850 2705 δυνήσει
868 2659 892 2705 p.
914 2644 990 2705 443),
1019 2642 1092 2691 tertio
1117 2645 1235 2709 denique

139 2744 168 2792 l'r.
189 2741 317 2805 214l208:
338 2736 403 2807 οὔκ,
432 2738 502 2792 ἀλλὰ
528 2737 612 2792 nadad
630 2739 656 2806 γ’
680 2739 814 2809 ἐπίχυσις
832 2739 885 2792 aori
901 2745 1021 2809 χαλκίοι)
1040 2745 1106 2793 idem
1130 2761 1236 2810 coquus

138 2844 238 2905 roganti
257 2860 313 2893 cum
336 2845 392 2893 loeo
410 2843 602 2907 petulantiusque
626 2844 652 2891 ni
677 2845 752 2892 fallor
769 2844 835 2907 patri
854 2847 885 2892 de
904 2860 963 2893 vase
982 2849 1094 2908 quodam
1115 2844 1148 2913 (l)
1175 2865 1235 2900 res.

138 2946 231 3010 pondet
249 2961 300 2994 non
319 2961 371 2995 esse
390 2946 416 2994 id
436 2945 474 3009 (ll,
498 2948 566 3008 quod
585 2959 663 2993 senex
684 2945 749 2993 falso
768 2944 953 3007 dixisset,.se‹l
973 2947 1160 2998 infundibulum
1181 2960 1234 3005 etc.

139 3075 170 3085 -
190 3049 223 3096 sd
242 3049 349 3096 eundem
368 3049 452 3095 locum
471 3048 559 3108 refero,
579 3047 599 3095 si
617 3046 685 3108 lieet,
703 3048 734 3096 fr.
755 3050 884 3111 2135223:
904 3046 976 3114 ταχύ
996 3064 1050 3099 νυν
1069 3049 1157 3098 πέτου
1180 3056 1235 3105 καὶ

136 3143 176 3214 μὴ
196 3149 318 3212 aponius
341 3145 420 3199 οἶνον
439 3150 519 3215 φέρε,
549 3148 641 3211 quibus
658 3148 741 3197 verbis
765 3151 798 3197 ad
822 3164 922 3198 servum
946 3151 1058 3213 aliquem
1076 3165 1234 3206 conversum

137 3265 246 3313 coquum
265 3249 377 3313 suspicor
395 3248 530 3309 monuisse,
550 3257 578 3298 ut
596 3249 662 3312 patri
680 3249 734 3298 seni
747 3251 866 3312 poculum
877 3251 931 3299 vini
948 3266 1000 3300 non
1015 3251 1101 3315 vapidi
1116 3254 1234 3320 aderrat,

136 3366 168 3399 ne
193 3351 236 3400 ille
260 3353 342 3400 multa
369 3352 539 3413 colloquendo
566 3345 654 3400 sitiret.
697 3360 807 3400 ceterum
831 3368 864 3401 ex
889 3355 937 3402 hoe
955 3354 1010 3417 ipso
1034 3354 1091 3402 loeo
1114 3353 1136 3402 si
1168 3359 1234 3419 quis

135 3452 268 3502 coniecerit
280 3453 428 3502 cenantibus
445 3451 562 3515 parasitis
579 3468 630 3501 non
649 3467 747 3516 semper
765 3454 942 3502 suavissimum
955 3455 1041 3502 vinum
1053 3454 1232 3509 nnnistratum

136 3569 203 3615 esse,
217 3528 271 3604 sed
289 3554 415 3605 interdum
433 3555 473 3603 vel
491 3568 617 3616 vappam,
645 3553 762 3616 equidem
790 3570 842 3603 non
873 3555 996 3618 impedi03
1017 3572 1077 3605 uam
1096 3572 1182 3621 vappa
1203 3563 1231 3611 ni

136 3665 236 3719 praesto
254 3657 349 3718 fuisset,
368 3656 428 3719 quid
448 3662 561 3703 moueret
579 3670 684 3716 coquus,
706 3670 737 3704 ne
755 3657 903 3704 all'erretur‘?

209 3755 253 3821 26)
273 3772 333 3806 nam
358 3771 452 3816 magna
478 3756 565 3817 aliqua
587 3770 645 3803 eum
670 3771 713 3818 spe
737 3757 892 3805 descendisse
916 3765 1014 3819 patrem
1032 3758 1058 3806 in
1077 3759 1165 3808 urbem
1185 3765 1231 3813 vel

130 3872 169 3924 ¹ex
187 3873 217 3906 eo
229 3857 328 3906 videtur
337 3858 399 3907 satis
416 3871 546 3920 apparere,
565 3858 633 3919 quod
651 3856 731 3905 lilium
750 3858 857 3907 alterum
873 3857 980 3920 probum
1000 3869 1077 3922 atqrm
1094 3859 1228 3926 incorrup-

135 3967 189 4006 tum
208 3973 292 4006 secum
317 3973 370 4007 esse
388 3958 484 4018 voluit,
512 3971 588 4020 quem
612 3959 725 4020 profecto
749 3959 819 4007 domi
838 3957 993 4020 reliquisset,
1018 3976 1069 4009 non
1093 3975 1178 4010 seeum
1198 3963 1227 4015 in

134 4059 222 4107 urbem
240 4059 393 4120 deduxisset,
412 4060 441 4121 si,
460 4059 544 4122 qualis
563 4057 686 4107 extitisset
704 4059 771 4108 lilius
790 4060 908 4120 urbanus,
930 4059 991 4109 satis
1010 4060 1114 4111 sciisset.
