2754 4574
528 166 823 235 ·-ιο-

241 364 474 431 ¹Adiciundam
503 367 655 433 constitui
690 369 763 434 huic
785 371 824 435 de
854 369 1108 441 Dastalensibus
1147 372 1278 455 libello,
1374 363 1377 454 Ι

176 500 272 564 quam
295 479 414 544 dudum
436 480 701 565 conscripseram,
724 482 764 548 dc
786 483 918 547 nubium
939 505 991 549 vv.
1015 488 1163 551 177-79
1188 508 1279 552 com·
1307 550 1310 555 ,

177 593 463 659 mentatiunculam
485 593 584 658 hanc:

175 706 330 772 exhibent
351 706 425 771 libri
447 707 490 776 ad
513 728 610 772 unum
633 727 743 772 omnes
754 707 779 790 ¹)
802 727 916 772 versus
935 708 1013 773 hos:

257 825 331 900 Στρ.
354 816 418 882 εἷεν·
442 821 475 882 τί
493 812 546 884 οἷν
568 819 646 903 πρὸς
667 818 784 904 τᾶλφιτ’
810 818 1045 914 ι’παλαμήσατσς

255 937 337 1012 pud.
358 931 436 995 κατά
458 940 513 1006 τίς
533 935 684 1016 τραπέζης
707 931 888 1007 καταπάσας
908 934 1019 1019 λεπτὴν
1040 934 1169 1017 τέφραν,
1244 962 1247 968 ⁴

338 1043 467 1125 κάμψας
488 1045 659 1125 ὀβελίσκον,
680 1044 743 1110 εἶτα
765 1043 918 1132 διαβήτην
938 1045 1043 1126 λαβὼν
1074 1041 1077 1045 ’

338 1150 369 1221 ἐκ
390 1166 445 1243 τῆς
466 1161 656 1242 παλαίστρας
677 1158 842 1236 θοίμάτιον
863 1158 1011 1243 ὑφείλετο.

215 1272 275 1335 180
296 1274 367 1354 Στρ.
391 1273 423 1333 τί
441 1270 506 1356 δῆτ’
531 1273 641 1335 ἐκεῖνον
662 1272 715 1336 τὸν
740 1277 848 1358 Θαλῆν
871 1270 1090 1352 θαυμάζομενς
1113 1278 1183 1339 κτλ.

172 1384 288 1467 quibus
311 1384 348 1449 in
366 1383 530 1465 versibus,
567 1391 601 1450 ut
624 1385 825 1470 explicarent
858 1385 898 1450 de
921 1384 1036 1450 summi
1070 1385 1272 1473 philosophi

170 1497 221 1561 vel
255 1497 393 1562 artificio
423 1497 475 1563 vol
498 1498 599 1579 furto,
633 1499 715 1564 mira
744 1500 885 1582 quadam
920 1498 1104 1582 sagacitate
1139 1503 1270 1566 versati

170 1615 245 1674 sunt
266 1611 327 1675 viri
350 1611 529 1676 doctissimi
551 1633 656 1696 neque
681 1613 796 1699 adhuc,
819 1613 851 1677 ni
874 1612 988 1693 fallor,
1022 1618 1078 1676 aut
1099 1611 1267 1698 interpre-

81 1725 82 1728 ’
171 1722 269 1788 tando
293 1730 349 1788 aut
371 1727 613 1809 transponendo
637 1733 693 1791 aut
721 1725 922 1802 emendando
953 1724 1035 1790 satis
1063 1725 1145 1790 lucis
1178 1735 1266 1793 attu-

170 1835 236 1900 lere
260 1837 330 1901 loco
354 1838 583 1904 obscuriori2r.
1064 1913 1066 1918 ,
1156 1910 1157 1914 ,

251 1949 321 2034 ipsc
344 1949 430 2032 quod
453 1951 495 2015 ad
517 1951 616 2016 talem
639 1951 742 2015 locum
761 1969 939 2033 aggressus
958 1970 1038 2029 sum,
1060 1948 1101 2013 id'
1117 1951 1262 2036 primum

168 2062 408 2146 deprecandum
432 2063 554 2149 putavi,
579 2084 618 2128 ne
641 2063 713 2143 quis
727 2062 906 2129 confecisse
923 2084 992 2127 rem
1009 2068 1095 2128 recte
1112 2068 1261 2147 gerendo

168 2196 218 2240 me
241 2196 337 2241 rmum
359 2176 437 2240 mihi
460 2176 565 2242 videri
594 2176 830 2260 suspicaretur:
865 2175 906 2241 de
936 2197 1007 2242 meo
1041 2176 1194 2260 quidem,
1233 2180 1260 2245 si

167 2308 250 2370 quiae
268 2310 409 2374 possem,
432 2289 511 2356 dare
533 2290 566 2354 in
586 2289 726 2355 medium
741 2289 839 2369 volui,
862 2308 946 2370 quae
961 2295 1066 2353 utrum
1082 2291 1259 2374 probanda

167 2403 232 2467 sint
255 2423 295 2469 an
319 2402 480 2486 exigenda
503 2402 593 2487 prius
608 2402 797 2484 diiudicent,
819 2402 873 2484 qui
888 2402 1069 2485 elegantius
1083 2400 1257 2472 doctiusve

165 2515 198 2579 in
222 2514 477 2601 interpretandis
499 2523 672 2581 versantur
694 2516 809 2580 summi
832 2515 945 2580 comici
969 2515 1100 2581 fabulis.

247 2629 372 2694 institui
395 2635 502 2695 autem
525 2629 670 2695 libellum
692 2629 739 2693 ita
746 2677 755 2709 ,
789 2635 823 2692 ut
844 2628 982 2722 primum
1005 2628 1045 2692 de
1074 2634 1256 2696 ceterorum

165 2742 502 2827 interpretationibus,
537 2743 746 2821 coniecturis,
779 2741 1059 2807 emendationibus
1088 2741 1256 2826 copiosius

165 2855 377 2939 disputarem,
399 2855 516 2921 deinde
539 2855 578 2922 de
601 2857 659 2938 eis,
681 2878 765 2940 quac
787 2857 858 2938 ipse
873 2854 1079 2935 invenissem,
1104 2855 1256 2938 pluribus
1355 2863 1356 2875 ¹

164 2988 369 3052 exponerem.

246 3087 342 3164 atque
366 3101 448 3163 quae
471 3081 649 3147 scholiasta
671 3079 814 3164 explicat
836 3078 879 3143 ad
900 3102 930 3144 v.
954 3082 1030 3145 178:
1053 3080 1113 3142 ἐπεὶ
1138 3081 1256 3164 ἔδεσμα

161 3194 217 3274 μὲν
241 3194 328 3258 οὐδὲν
349 3187 387 3280 ἦν
409 3192 451 3267 ὡς
471 3192 632 3273 ὀβελίσκου
654 3195 794 3270 πλεῖσθαι,
819 3192 896 3274 πρὸς
924 3193 957 3255 di
988 3193 1022 3258 τὸ
1045 3194 1254 3274 ἐπιλαβέσθαι

162 3309 212 3369 καί
235 3305 371 3390 ἁρπάσαι
393 3333 421 3370 τι
441 3309 490 3369 καί
511 3316 673 3388 κατασχεῖν
694 3314 787 3373 τοῦτο
802 3298 841 3392 ἧν
858 3304 1021 3391 χρήσιμον,
1044 3305 1142 3389 ὀρθὸν
1164 3309 1256 3392 ὄντα,

235 3613 261 3683 1)
281 3616 329 3664 nisi
347 3618 444 3678 quoda
458 3615 521 3664 λλον.
541 3629 618 3663 mann
637 3613 719 3676 priore
739 3611 853 3680 (auctore
867 3611 935 3681 Inv.)
955 3615 1112 3678 transpositis
1122 3619 1256 3680 palaestas

161 3726 186 3767 et
204 3733 291 3767 mensa
305 3717 331 3766 in
351 3733 373 3767 v.
386 3722 435 3766 177
456 3711 526 3766 κατά
547 3713 596 3780 τῆς
610 3716 783 3782 παλαίστρας
803 3725 827 3764 et
845 3717 871 3764 in
890 3732 913 3764 v.
930 3721 978 3765 179
999 3713 1029 3766 ἔκ
1049 3713 1098 3781 τῆς
1116 3721 1256 3787 τραπέζης

161 3817 250 3867 vitiose
262 3818 381 3881 scriptum
400 3827 451 3873 cst:
476 3817 592 3867 restituto
610 3827 694 3866 tumen
712 3816 788 3866 lectio
806 3817 899 3865 usitata
918 3826 956 3866 est
974 3833 989 3866 a
1007 3833 1085 3866 manu
1103 3821 1254 3881 posteriore.

233 3919 261 3983 2)
276 3920 368 3968 referre
386 3921 469 3982 placet
487 3917 710 3978 Reisigianum
728 3918 792 3967 illud
811 3915 848 3984 (in
867 3921 905 3967 cd.
916 3918 974 3968 nub.
993 3935 1018 3981 p.
1031 3917 1148 3986 XXIV):
1170 3925 1255 3985 „haee

160 4020 250 4082 verba,
283 4021 350 4070 bonu
380 4021 455 4071 venia
484 4034 641 4069 summorum
667 4018 777 4067 virorum
802 4019 923 4080 dixerim,
955 4019 1080 4069 neminem
1112 4036 1168 4071 esso
1191 4040 1254 4075 vere

160 4121 350 4186 interpretatum
369 4123 456 4186 prrm“.
