2754 4574
600 196 805 257 -12-

160 395 211 470 et,
245 391 321 456 dum
350 399 504 458 cenarent
529 394 563 458 in
591 394 775 475 orchestra,
802 415 843 460 ne
872 395 1092 478 spectaculum
1122 393 1254 460 deesset

162 505 365 587 cenantibus,
387 511 512 589 patrem
535 527 605 571 cum
629 507 694 571 lilio
717 507 979 592 expostulavisse
1000 506 1033 570 in
1056 525 1185 572 scaena.

187 688 193 699 ‚
247 625 296 684 est
320 625 429 685 autem
451 619 571 686 Suidae
593 620 683 685 locus
706 641 732 685 s.
746 627 775 685 i.
800 623 965 692 ,Ιαιτολιῖς
985 618 1056 684 hic:
1080 621 1253 694 δαιταλεῖς,

160 728 343 810 δαιτυμόνες
369 734 419 793 καὶ
448 737 603 796 θιασῶται
625 735 675 795 καὶ
697 731 854 812 συμπόται
876 735 925 796 καὶ
948 728 1012 795 οἷον
1035 732 1253 802 συνδαιταλεΐς.

163 842 509 938 οὕτωςλἈριστοιράνης.
553 845 754 909 Ἔπιδειίινιον
781 846 927 926 βασιλεὺς
955 850 1033 908 θέαν
1059 855 1122 918 τοῖς
1150 845 1254 906 δαιτα-

162 963 266 1027 λεῦσιν
287 956 388 1041 ὥσπερ
410 958 567 1043 ἀξιόλογον
585 958 781 1042 χαριζόμενος
801 957 882 1023 τοῦτ’
909 960 1063 1022 ἐδείκνυεν.

250 1073 383 1139 Ranke
404 1095 480 1139 vero
508 1074 580 1159 ipse
603 1075 636 1138 in
660 1095 773 1139 comm.
798 1073 839 1140 de
860 1073 958 1137 Arist.
981 1072 1050 1137 vita
1071 1092 1103 1155 p.
1126 1069 1256 1134 cccxl

165 1185 200 1249 id
223 1186 345 1251 factum
367 1187 469 1251 voluit
490 1187 578 1270 regis
601 1187 764 1251 archontis
786 1205 903 1271 opera,
932 1191 967 1250 ut
994 1186 1129 1250 alterum
1154 1183 1255 1267 quod·

167 1297 243 1361 dam
273 1297 388 1362 drama
416 1299 450 1363 in
478 1299 642 1379 dramate,
675 1299 706 1363 in
741 1299 815 1384 ipsa
847 1298 1016 1364 comoedia
1049 1297 1143 1382 quasi
1170 1315 1256 1360 nova

168 1411 337 1476 comoedia
360 1416 434 1495 post
461 1412 575 1496 epulas
598 1418 765 1494 ageretur,
796 1410 1066 1496 quemadmodum
1093 1410 1126 1474 in
1149 1407 1251 1474 Shalr⁷

167 1523 265 1608 sperii
282 1523 413 1603 fabulis,
427 1545 510 1607 quae
523 1524 741 1589 inscribuntur
755 1525 884 1589 Hamlet
897 1531 928 1588 et
940 1520 1257 1604 ASummernight's-

168 1637 280 1702 dream
303 1637 369 1701 alia
393 1638 552 1720 quaedam
566 1637 716 1702 dramata
737 1638 860 1703 inserta
882 1642 966 1701 surrt.
1002 1636 1037 1699 id
1059 1656 1079 1698 a
1100 1634 1257 1700 Rankio

169 1748 360 1815 mirabiliter
389 1751 550 1816 inventum
581 1753 749 1836 amplexos
777 1750 874 1814 video
903 1748 1186 1831 etBerglrium
1210 1763 1256 1832 lp.

172 1864 231 1926 136
254 1863 318 1945 sq.)
353 1870 384 1929 et
411 1864 596 1928 Bothium
630 1864 742 1944 (Arist.
778 1863 817 1927 fr.
846 1884 867 1947 p
900 1866 941 1927 59
963 1867 1039 1946 sq.):
1072 1861 1126 1946 qui
1159 1860 1257 1926 inter·

171 1974 354 2058 ponendum
383 1974 447 2060 ipsi
477 1976 687 2042 inveniebant
715 1976 829 2039 drama
851 1974 1014 2058 quoddam
1036 1994 1099 2039 non
1121 1974 1170 2038 ita
1193 1973 1270 2058 ipsi·

172 2087 416 2153 Dastalensium
440 2088 572 2153 fabulae
596 2088 771 2169 dissimile,
800 2087 832 2151 in
856 2107 919 2171 quo
940 2087 1017 2152 item
1040 2087 1155 2152 tierent
1176 2087 1258 2150 Her·
1312 2086 1314 2089 ’

172 2200 253 2264 culis
265 2199 401 2265 alicuius
424 2201 549 2285 epulae.
584 2223 624 2266 ao
646 2201 725 2265 talia
746 2207 781 2266 nt
796 2200 1023 2266 confirmarent
1034 2198 1155 2264 Suidae
1169 2199 1259 2281 frag·

172 2319 281 2379 mento
304 2314 359 2379 illo
382 2313 413 2377 iu
431 2335 585 2399 usumque
599 2321 761 2381 verterent
774 2314 1018 2380 Daetalensium
1031 2312 1261 2396 Aristophanis

173 2428 275 2492 verba
291 2426 489 2507 obscuriora,
511 2427 733 2494 incredibilem
745 2428 779 2492 in
795 2427 924 2494 modum
937 2427 1128 2491 laboravere
1137 2425 1163 2508 4)
1186 2430 1263 2508 post

247 2666 275 2734 4)
294 2676 372 2732 atque
390 2668 560 2718 Fritzsche
585 2669 688 2732 quidem
707 2669 873 2718 Rankium
891 2675 991 2716 secutus
1009 2666 1116 2716 scribere
1135 2665 1208 2714 iussit
1226 2664 1264 2714 ita

178 2769 216 2838 (in
235 2767 418 2838 praefatione):

562 2868 746 2922 ἔπιδείανιον
763 2866 895 2935 βασιλεὺς
913 2871 985 2922 θέειν

318 2977 375 3030 τοῖς
395 2970 593 3035 Δαιταλεῦσιν,
614 2967 710 3040 ὥσπερ
729 2966 811 3030 ἄξιον
829 2969 920 3037 λόγων
939 2966 1038 3036 (λόγου
1059 2967 1182 3036 Ranke)

409 3125 415 3138 ,
519 3071 562 3139 [τὸ
583 3072 678 3144 δρᾶμα
696 3074 768 3123 addit
784 3074 830 3136 a]
886 3119 922 3138 ‚,

316 3128 503 3196 χαριζομενος
546 3146 561 3184 a
641 3145 656 3186 s
848 3140 914 3174 τουτ
943 3121 1097 3175 ἐδείκνυεν.

179 3236 286 3296 Bergk
305 3244 391 3285 autem
410 3242 508 3283 mutato
527 3225 617 3298 λογων
635 3229 753 3293 genetivo
771 3228 849 3277 talem
868 3227 986 3277 exhibuit
1005 3226 1152 3277 lectionem:

304 3363 335 3372 ω-
344 3364 375 3373 -
387 3339 446 3392 τοῖς
455 3331 654 3398 Δαιταλεῦσιν,
666 3325 763 3397 ὥσπερ
778 3323 860 3386 ἄξιον
876 3324 1006 3394 λόγον-
1020 3355 1052 3365 -
1068 3325 1110 3394 (cf.
1122 3342 1190 3390 vesp.
1204 3325 1250 3394 54)
1261 3343 1267 3395 3

180 3439 232 3489 iam
251 3440 357 3488 Bothe
376 3437 428 3487 alio
446 3439 523 3486 modo
541 3437 728 3484 emendandum
745 3440 933 3482 ratus-versum
951 3431 1049 3494 scripsit
1066 3429 1116 3480 ita:

657 3533 841 3587 ἐπιδείπνιον

321 3633 417 3708 ὥσπερ
438 3641 508 3691 θέαν
527 3634 607 3688 τοῦθ’
629 3633 643 3686 ὁ
662 3631 794 3700 βασιλεὺς
811 3628 963 3698 ἀξιόλογον

323 3746 382 3799 τοῖς
400 3737 563 3791 dorsatensi
581 3734 767 3806 χαριζόμενος
786 3733 939 3788 ἐδείκνυεν.

184 3847 245 3895 Bla
251 3847 329 3910 ydus
348 3859 416 3905 vero,
436 3852 463 3892 ut
482 3857 513 3891 ne
532 3842 585 3905 ipsc
603 3848 697 3890 taceret
715 3842 746 3888 de
765 3838 812 3888 tali
829 3839 895 3897 loco,
914 3835 1021 3886 tentavit
1039 3835 1090 3884 ita:

550 3939 564 3991 d
584 3937 715 4007 βασιλεὺς
734 3936 918 3990 inescamur

327 4050 385 4103 τοῖς
403 4042 586 4095 δαιταλεῦσιν
605 4040 730 4109 ὡσπερεὶ
750 4041 819 4091 θέαν
838 4034 901 4089 τινὰ

327 4144 476 4214 ἀξιόλογον
492 4139 679 4216 χαριζόμενος
699 4141 844 4192 ἐδείκνυεν
863 4144 919 4202 (aut
938 4133 1002 4187 τόδε
1024 4131 1173 4199 δεικνύει).
