2754 4574
575 195 786 256 ‘-26-

142 386 241 450 filium
264 395 359 472 pater
380 391 523 458 fraterve
545 414 586 458 an
609 395 641 458 in
663 397 798 480 probum
821 397 988 482 improbus
1012 399 1109 463 dicat.
1154 421 1234 465 nam

141 498 290 583 Bergk,
324 502 470 586 Bothe,
497 506 675 590 Blaydes
708 508 751 573 ad
780 510 948 576 scurrilem
976 511 1074 578 istam
1103 533 1233 579 comoe-

141 611 228 677 diam
243 614 470 700 interpositam
487 619 650 703 pertinere
666 622 928 707 suspicabantur.
951 625 1099 710 (Bergk
1116 647 1149 709 p.
1159 629 1235 709 142,

140 725 266 792 Bothe
288 750 319 813 p.
342 731 383 794 60
406 731 455 815 (1),
483 732 662 817 Blaydes
684 757 715 820 p.
738 737 822 816 102.)

193 870 221 933 3.
245 872 299 967 (279
312 875 362 968 gi)
385 875 436 936 σοὶ
457 873 515 957 γὰρ
538 874 702 958 oopr'opar'
728 876 804 956 iirr'3
826 915 868 924 -
889 878 945 961 ἐγώ
969 877 1100 964 ἐζήτησα
1121 881 1189 958 μέν,

384 978 423 1044 od
448 980 476 1042 d’
501 979 596 1054 εὐθὺς
616 980 836 1064 ἀπεδίδρασκες
857 985 889 1046 ἐκ
910 982 1105 1063 διδασκάλου,
1120 986 1163 1064 12)

141 1088 259 1169 quibus
292 1093 443 1158 versibus
479 1095 591 1160 Koch
629 1095 772 1179 explicat
807 1104 852 1180 (p.
874 1099 949 1177 441)
985 1103 1110 1164 certare
1144 1099 1236 1165 iuter

141 1222 212 1268 sese
235 1203 364 1285 fratres,
387 1212 458 1272 uter
481 1207 652 1273 subtiliora
674 1208 853 1273 didicisset.
890 1224 928 1274 ac
950 1228 1021 1275 cum
1043 1212 1165 1295 probus
1190 1212 1234 1280 de

140 1315 228 1379 utilis
258 1317 413 1385 scientiae
442 1341 462 1384 a
491 1341 526 1386 se
549 1322 705 1387 collectae
736 1322 830 1407 copia
858 1321 1012 1403 dixisset,
1044 1323 1232 1408 improbum

140 1429 353 1512 respondere:
387 1432 572 1512 ridiculnm;
606 1454 683 1498 num
712 1434 802 1499 illum
830 1434 946 1498 artium
975 1435 1101 1500 utilium
1124 1437 1233 1504 soien-

139 1540 219 1605 tiam
241 1544 410 1627 possiderc
441 1545 504 1611 sihi
532 1546 659 1614 videri?
693 1548 743 1612 cui
771 1548 907 1632 probum
936 1548 1043 1613 illurn:
1075 1570 1110 1615 se
1141 1558 1234 1618 certe

140 1656 360 1736 quaesivisse3
393 1659 483 1724 illum
512 1681 589 1726 vero
620 1660 728 1724 statim
759 1682 798 1726 ex
827 1660 920 1740 ludo,
948 1660 981 1725 in
1009 1682 1104 1745 quem
1133 1669 1235 1748 pater

139 1766 232 1833 initio
257 1776 424 1852 utrumque
447 1773 600 1853 misisset,
624 1773 802 1856 aufugisse.

193 1911 220 1975 4.
244 1912 297 2008 (ξῗὲ
311 1915 361 2007 ᾗ)
384 1917 409 1974 ar‘
428 1912 472 1997 μὴ
494 1913 652 1998 μεταλάβῃ
676 1912 913 1995 τούαίπεμπτον,
934 1916 1059 1992 additur,

140 2056 201 2119 qno
225 2056 321 2101 versu
342 2037 528 2121 suspicatur
549 2037 661 2102 Koch
685 2036 751 2102 filio
773 2038 937 2122 improbe,
971 2038 998 2102 si
1022 2057 1123 2103 causa
1145 2040 1234 2105 oeci-

140 2148 259 2231 disset,
288 2149 479 2214 acerrimam
508 2171 646 2234 poenam
671 2150 783 2214 minari
810 2157 936 2234 patrem
959 2150 1080 2216 videri:
1116 2151 1233 2236 itaque

140 2261 275 2326 fratrum
299 2263 590 2346 expostulationem
616 2264 756 2328 fortasse
784 2263 816 2327 in
846 2263 977 2328 modum
1005 2263 1072 2328 litis
1099 2263 1232 2331 institu-

140 2380 207 2440 tam
231 2375 343 2440 fuisse.
367 2376 576 2460 (cf.'Bergk
598 2397 629 2460 p.
654 2375 737 2459 153.)

193 2520 221 2583 5.
259 2519 299 2614 233
312 2521 361 2615 ξῐ)
384 2517 447 2602 φέρ’
473 2518 539 2596 iiico,
562 2522 595 2582 τί
614 2544 661 2583 σοι
684 2521 730 2581 dci
751 2525 813 2581 τῶν
831 2515 954 2600 phorom
975 2517 1102 2601 ψάγδαν
1118 2523 1233 2601 (witin

141 2640 258 2724 quibus
292 2642 403 2707 verbis
443 2641 542 2706 tilium
577 2642 759 2726 improbum
798 2640 983 2724 suspicatur
1016 2641 1131 2707 Kook
1172 2665 1235 2728 per

140 2754 278 2819 ironiam
301 2755 397 2819 fratri
419 2755 459 2820 de
483 2755 655 2837 unguentis
678 2754 746 2818 suis
769 2751 922 2835 quicquid
943 2753 1021 2819 velit
1043 2756 1171 2822 offerre.

192 2899 220 2962 d.
243 2895 300 2994 (²233
312 2900 361 2999 gi)
385 2895 483 2980 ἔγνωκ’
516 2895 572 2979 ἐγώ
600 2897 633 2958 δὲ
658 2899 783 2976 χαλκίον
819 2893 912 2981 [τοῦτ’
944 2896 1007 2958 ἔστι
1038 2899 1231 2987 κοτταβεΐσν]

768 2997 919 3084 (ἱστάναι)
943 3005 993 3063 καὶ
1015 3005 1173 3087 μυρρίνας,
1190 3007 1232 3090 ¹³)

213 3323 258 3394 12)
274 3326 310 3375 sic
327 3325 394 3388 ipse,
420 3324 543 3373 librorum
566 3323 701 3372 lectionem
724 3332 838 3386 secutus,
856 3326 969 3387 correxi,
992 3325 1111 3375 chkii
1139 3332 1233 3377 tenens

139 3428 272 3489 rationem,
290 3427 335 3491 qui
348 3423 460 3490 ἐζήτησα
478 3420 538 3493 μήν
556 3426 653 3489 primus
671 3427 822 3476 emendarit.
837 3455 868 3463 -
883 3430 914 3476 de
932 3427 990 3477 aliis
1007 3429 1041 3476 ad
1059 3429 1128 3475 hunc
1142 3427 1231 3479 locum

140 3529 289 3578 coniecturis
306 3529 364 3578 vide
383 3528 473 3577 Koch
492 3543 515 3590 p.
536 3532 597 3589 441,
615 3528 758 3592 Blaydes
776 3544 801 3591 p.
823 3532 882 3579 121.

213 3630 257 3696 13)
274 3647 325 3695 quo
344 3630 371 3679 in
389 3632 532 3692 fragmento
543 3629 696 3692 explicando
714 3638 739 3679 et
758 3630 917 3679 emendando
928 3630 1035 3679 nimium
1049 3631 1123 3680 video
1133 3631 1231 3682 laboris

139 3733 323 3796 consumpsisse
351 3733 417 3782 viros
445 3732 604 3782 doctissimos
632 3747 714 3795 neque
739 3740 839 3791 tamen,
866 3735 935 3795 quod
963 3733 1066 3796 probes,
1090 3741 1231 3786 assecutos.

139 3843 217 3898 atque
243 3835 416 3884 Fritzsehe
443 3833 545 3898 quidem
572 3849 598 3896 p.
619 3836 651 3880 95
671 3849 726 3896 sqq.
753 3833 862 3896 primum
887 3834 1095 3894 Jacobsium,
1128 3835 1230 3886 Grod·

140 3936 308 3996 deckium,
335 3936 689 3997 Schweigh'ausernm,
713 3934 932 3983 Diudorfium
957 3934 1132 3997 reprehendit,
1157 3939 1228 3998 quod

139 4051 235 4096 magno
259 4051 341 4085 errore
366 4036 416 4085 tria
435 4036 512 4085 verba
536 4029 610 4083 τοῦτ’
639 4029 697 4082 ἔστι
718 4037 880 4096 κοτταβεῖον
898 4048 950 4081 non
969 4049 986 4083 a
1005 4035 1124 4096 Comico,
1148 4038 1192 4084 sed
1212 4053 1229 4086 a

140 4137 291 4186 scholiastae
309 4138 349 4186 vel
375 4137 453 4201 ipsius
472 4136 600 4186 Athenaei
624 4134 830 4198 interpretatione
855 4137 967 4198 profecta
990 4151 1043 4186 esse
1066 4137 1225 4201 statuissent,
