2754 4574
589 180 796 246 ..32-

229 381 295 448 iam
317 381 387 467 ipse
409 387 504 467 pater
524 382 704 448 acrioribus
717 384 826 449 verbis
844 383 1122 469 impudentiorem
1141 384 1251 452 filium

147 496 309 581 increpat:
343 496 421 579 quid
454 496 594 562 iactaret
627 494 717 559 illam
749 497 868 560 bonam
896 497 1137 582 ridiculamque
1169 499 1251 565 doc·

148 609 293 674 trinam?
329 609 425 687 nihil,
458 607 540 672 nihil
563 607 717 673 didicisse
741 630 829 690 eum,
862 610 925 674 nisi
953 611 1127 675 ridiculam
1152 612 1252 678 illam

148 722 335 807 superbiam
347 719 590 805 eiusqueipsius
601 720 809 804 ignorantiae
817 722 1053 788 confidentiam.
1071 731 1251 793 oratorum

146 836 285 916 illorum,
308 854 388 918 quos
402 832 592 910 audivisset,
615 833 794 900 orationem
807 856 845 899 ac
858 836 960 902 uerba
971 836 1093 900 imitari
1109 844 1146 903 et
1165 839 1250 904 arti-

147 948 289 1014 ficiosius
311 946 533 1031 comptiusque
550 946 710 1030 loquendo
734 952 766 1012 et
789 947 854 1031 ipsi
876 954 908 1014 et
931 949 1005 1014 aliis
1028 949 1250 1018 stultioribus

148 1061 289 1147 speciem
312 1059 475 1145 quandam
498 1058 711 1142 fraudemque
744 1061 931 1126 obfundere.
965 1099 1007 1108 -
1044 1067 1079 1124 at
1109 1067 1250 1129 tantum

147 1176 257 1257 abest,
280 1179 315 1248 ut
338 1177 578 1238 commoveatur
599 1171 683 1237 filius
706 1172 809 1256 patris
831 1173 954 1256 verbis,
976 1179 1152 1239 utcontra
1175 1175 1249 1242 iam

144 1288 249 1372 ipsum
263 1293 390 1372 patrem
404 1285 519 1349 obruat
534 1284 688 1349 conviciis
699 1285 754 1367 17);
777 1288 927 1370 capulum
941 1285 1007 1350 iam
1023 1306 1096 1353 esse
1108 1293 1248 1371 patrem

145 1408 178 1466 et
206 1404 405 1483 unguentum
434 1402 467 1462 et
497 1398 613 1476 vittas3
642 1397 720 1481 quid
753 1406 910 1465 mortuum
940 1420 1052 1466 curare
1086 1399 1247 1467 vivorum

145 1512 302 1597 negotia?
324 1518 391 1577 tum
408 1531 484 1578 vero
507 1530 627 1592 magno
650 1531 722 1575 cum
744 1511 811 1575 risu
833 1517 943 1595 pater:
967 1514 1027 1578 hoc
1048 1511 1133 1577 illud
1148 1535 1246 1598 esse,

144 1648 165 1692 a
187 1626 370 1712 Lysistrato
400 1625 485 1691 enim
507 1623 644 1709 petitum
667 1643 740 1688 esse
762 1625 913 1707 capulum
934 1624 1040 1689 illumi
1083 1625 1129 1690 ad
1156 1648 1245 1712 quae

145 1762 214 1806 cum
231 1740 399 1805 minitatus
414 1744 501 1804 esset
523 1737 623 1802 filius:
646 1736 737 1802 brevi
753 1757 944 1802 concussum
966 1744 1091 1803 terrore
1114 1738 1158 1803 iri
1182 1761 1242 1825 pa·

143 1860 242 1936 trem,
271 1852 413 1933 videret,
435 1872 476 1917 ne
504 1851 588 1915 male
617 1849 680 1914 sibi
703 1850 804 1915 verba
834 1849 1011 1917 evaderent
1033 1850 1239 1919 audaciora:

142 1967 226 2033 ridet
248 1986 348 2032 senex
364 1964 475 2045 filium,
498 1961 553 2047 qui
568 1962 705 2047 primum
721 1963 912 2045 Alcibiadis,
934 1963 1050 2028 deinde
1068 1969 1232 2031 oratorum

141 2081 270 2146 illorum
283 2077 490 2145 cinaedorum
512 2075 629 2141 iterum
641 2077 741 2141 verba
763 2075 859 2141 foede
875 2076 1054 2154 retulisset3
1079 2077 1139 2143 sed
1158 2097 1224 2143 cum

140 2195 174 2259 in
197 2198 361 2279 postremo
383 2187 604 2271 καλοκάγοθεῖν
621 2191 721 2254 verbo
736 2189 897 2255 haesisset
910 2194 1014 2273 pater,
1037 2189 1229 2255 cachinnum

142 2307 209 2374 edit
240 2305 326 2370 filius
357 2302 524 2389 ipsiusque
547 2301 745 2384 singularem
775 2302 868 2369 effert
896 2301 1109 2368 eruditionem
1135 2308 1235 2389 atque

142 2419 337 2497 doctrinam3
361 2414 420 2482 sed
441 2415 519 2500 quid
540 2415 606 2480 tale
620 2414 748 2499 quidem
768 2437 881 2482 curare
892 2415 1059 2496 rusticum,
1083 2414 1139 2500 qui
1151 2417 1238 2483 nihil

140 2534 312 2616 intellegat
331 2530 395 2595 nisi
417 2528 457 2594 de
480 2526 604 2612 pecude
620 2533 677 2592 aut
694 2531 853 2595 stercore!
871 2568 907 2576 -
930 2529 1033 2595 iratus
1046 2529 1111 2592 iam
1131 2551 1240 2599 senex

141 2644 331 2730 anapaestis
355 2648 560 2728 experturum
584 2635 660 2707 'sese
683 2641 762 2706 dicit
783 2641 870 2706 illius
894 2641 1105 2707 eruditionem
1129 2643 1239 2728 illam,

142 2779 237 2844 quam
259 2757 408 2836 iactaret,
432 2753 690 2838 doctrinamque:
713 2755 777 2818 iam
799 2759 932 2821 caneret
953 2753 1070 2819 fidibus
1094 2759 1241 2842 sumptis

140 2872 238 2936 -id
260 2870 346 2955 quod
367 2868 508 2934 maxime
531 2867 659 2934 deceret
680 2868 959 2934 adulescentulum
980 2867 1129 2952 ingenuis
1152 2873 1240 2937 arti-

139 2987 200 3052 bus
227 2984 385 3049 imbutum
414 3019 452 3028 —
482 2979 595 3045 Alcaei
616 2981 668 3046 vel
689 2980 904 3046 Anacreontis
934 3001 1064 3046 carmen
1086 2980 1238 3068 aliqnod,

141 3101 170 3166 si
187 3103 299 3184 posset
312 3096 368 3181 18);
395 3101 430 3159 at
451 3094 614 3178 negatille
637 3115 672 3160 se
694 3100 864 3180 poetarum
885 3095 1012 3161 illorum
1034 3094 1236 3179 ineptiorum

139 3213 205 3277 tale
237 3210 410 3295 quicquam
443 3227 556 3292 posse3
585 3229 660 3272 nam
683 3207 848 3292 Euripidis
870 3210 921 3274 vel
944 3208 1125 3292 Agathonis
1153 3227 1235 3279 sese

138 3322 293 3388 didicisse
315 3320 425 3386 divina
448 3321 607 3401 carmina,
639 3342 703 3386 non
724 3321 833 3405 prisca
854 3321 912 3386 illa
934 3329 1103 3407 poetarum
1123 3325 1233 3406 pessi-

138 3458 271 3503 morum.
314 3435 380 3500 iam
403 3455 474 3500 cum
498 3434 547 3498 ira
569 3457 609 3501 ao
632 3436 698 3500 risu
727 3455 826 3500 senex
856 3435 995 3517 quaerit,
1024 3455 1101 3500 num
1128 3436 1230 3504 etiam

138 3551 313 3616 Homerum
346 3552 475 3631 poetam
506 3548 624 3612 malum
653 3547 828 3626 iudicaret3
863 3547 890 3612 si
925 3551 993 3610 tam
1029 3547 1227 3630 singularcm

137 3683 216 3747 prae
240 3683 274 3728 se
297 3661 397 3727 ferret
420 3658 611 3741 doctrinam,
635 3668 721 3727 certe
745 3659 784 3726 de
807 3659 939 3725 Homeri
962 3659 1102 3725 dialecto
1126 3682 1228 3744 quae-

211 3930 255 3994 17)
274 3931 306 3979 cf.
325 3943 447 3989 magnum
465 3926 531 3975 illud
549 3927 720 3986 fragmentum
739 3925 861 3992 198l213.

210 4029 253 4096 18)
274 4031 302 4079 fr.
324 4026 452 4094 2231'210:
471 4017 545 4092 ᾆσον
564 4020 666 4095 δῆμοι
686 4021 799 4078 σκόλιόν
823 4042 849 4075 τι
869 4019 959 4090 λαβὼν
982 4020 1107 4078 Ἀλκαίου
1133 4023 1226 4080 arriva-

988 4129 1127 4195 κρέοντος.
