2754 4574
591 170 797 231 „22-

203 369 230 433 4.
254 367 370 470 (ἓξὲξ)
401 369 451 429 καί
484 368 653 450 δελφακίων
685 366 811 431 ἁπαλῶν
845 372 946 429 κωλαῖ
976 368 1026 428 καὶ
1061 360 1239 446 χναυμάτια

443 478 612 564 πτερόεντα,

150 612 267 695 quihus
289 612 397 678 verbis
417 612 504 678 inter
530 613 596 678 alia
619 633 763 678 mensam
792 614 950 678 urhauam
980 633 1071 678 suam
1094 611 1238 695 descrip-

150 724 233 790 sisse
255 724 356 789 filium
379 725 564 809 suspicatur
585 725 715 792 B'othe
736 732 781 811 (p.
805 728 868 805 65.)

175 865 179 873 ·
232 842 308 921 post
341 845 540 923 anapaestos
571 838 614 904 ad
648 838 735 905 idem
768 838 907 921 litigium
940 839 1079 904 retulere
1110 836 1238 902 iambos

93 930 95 935 ,
148 955 354 1016 tetrametros
377 951 451 1016 hos:
1097 959 1099 964 '

204 1097 228 1161 l.
252 1095 368 1195 (ξόξξι)
397 1093 458 1156 ἀλλ’
485 1092 522 1156 οὗ
542 1093 600 1176 γὰρ
628 1094 725 1174 ἔμαθε
747 1093 832 1158 ταῦτ’
858 1095 936 1174 ἐμοῦ
958 1096 1136 1174 πέμποντος,
1160 1094 1238 1158 ἀλλὰ

1119 1213 1239 1287 μᾶλλον

399 1320 503 1400 πίνειν,
526 1319 610 1382 ἔπειτ’
637 1319 719 1408 ᾄδειν
740 1327 848 1400 κακῶς,
873 1324 1067 1402 Συρακοσίαν
1088 1322 1238 1402 τράπεζαν

341 1515 344 1520 Δ
399 1434 607 1515 §vapuletur
624 1431 648 1496 τ’
667 1431 798 1514 εὐωχίας
810 1436 860 1496 καί
874 1439 954 1509 Χῖον
967 1437 998 1498 ἐκ
1011 1439 1186 1514 Λακαινᾶν,
1195 1437 1236 1517 ¹⁰)

149 1583 230 1645 quos
254 1583 367 1629 versus
392 1562 500 1629 dieere
522 1571 647 1649 patrem
673 1585 791 1644 senem,
818 1565 872 1649 qui
894 1585 992 1648 aegre
1017 1567 1127 1654 ferret,
1149 1568 1235 1649 quod

148 1685 215 1740 tam
243 1676 328 1740 male
351 1676 506 1742 oessisset
534 1676 596 1741 sibi
619 1677 804 1756 eonsilium,
835 1678 889 1760 qui
910 1698 1044 1762 puerum
1066 1679 1100 1742 in
1123 1647 1241 1744 urbem⁸

146 1789 241 1854 bouis
272 1788 395 1852 artibus
427 1787 660 1854 instituendum
690 1788 848 1870 misisset,
882 1788 1096 1874 depravatum
1125 1797 1235 1858 autem

147 1902 324 1986 recepisset
353 1901 499 1984 (Bergk
529 1923 560 1986 p.
584 1905 659 1979 151,
693 1901 783 1965 errius
805 1904 906 1967 verba
929 1903 1029 1968 refert
1050 1903 1235 1987 Blaydes

145 2037 177 2100 p.
201 2017 270 2080 105.
294 2015 335 2080 ef.
352 2013 471 2114 'Kook
494 2036 525 2098 p.
548 2016 633 2097 446.)

197 2161 225 2224 2.
249 2158 302 2255 (ξῇξ
316 2157 364 2257 gp)
387 2160 436 2218 καὶ
459 2161 536 2229 λεῖυς
557 2155 657 2238 ὥσπερ
680 2159 808 2240 ἔγχελυς,
828 2166 964 2238 χρυσοῦς
978 2158 1234 2240 ἵχωνκικὺννυυς,

145 2274 262 2357 quihus
284 2272 395 2338 verbis
418 2273 655 2358 reprehendere
683 2280 808 2357 patrem
838 2274 871 2338 in
903 2274 1021 2356 filium,
1052 2275 1138 2356 quod
1165 2279 1232 2342 lae-

145 2408 216 2452 vem
249 2404 367 2469 genam
402 2392 433 2451 et
463 2385 600 2470 capillos
632 2386 838 2451 artificiosius
868 2388 1065 2470 eompositos
1095 2395 1232 2470 gereret.

146 2498 290 2582 (Bergk
321 2498 421 2598 ibid,¹
450 2497 710 2583 authepsa,
745 2499 925 2582 Blaydes
956 2520 985 2582 p.
1010 2501 1084 2580 104,
1119 2501 1232 2565 Kook

143 2635 174 2698 u·
196 2615 281 2692 447l

168 2765 169 2768 ’
195 2757 222 2820 3.
245 2755 299 2852 (ἐξ
313 2757 364 2850 gf)
387 2757 412 2816 εί
432 2753 477 2840 μὴ
501 2756 594 2816 δικῶν
614 2779 645 2816 re
660 2752 817 2836 ydopadoc
837 2751 1051 2837 ψηφισμάτων
1067 2780 1097 2818 τε
1111 2752 1231 2838 θωμὸς,

143 2892 206 2954 quo
229 2891 324 2936 versu
349 2890 471 2949 senem,
495 2891 514 2933 a
536 2869 673 2954 privatis
696 2869 790 2932 malis
814 2876 1035 2934 transeuntem
1059 2871 1101 2935 ad
1124 2871 1230 2956 publi-

143 3006 213 3051 cam
238 2984 476 3064 calamitatem,
505 2983 658 3066 oouqueri
682 2982 720 3048 de
743 2981 842 3045 nimia
863 2980 1030 3061 iudioapdi
1054 2983 1229 3068 eupiditate

143 3098 247 3181 deque
268 3100 377 3181 legum
400 3096 621 3162 novandarum
645 3095 763 3177 studio,
785 3116 847 3178 quo
865 3096 1109 3163 Atheniensium
1129 3097 1227 3161 animi

141 3216 343 3288 tenerentur3
373 3209 452 3274 nihil
475 3215 645 3294 praeterea
667 3208 803 3274 Athenis
825 3208 973 3275 inveniri,
1002 3208 1148 3294 (Bergk
1172 3209 1226 3288 ib„

214 3490 258 3561 10)
279 3492 400 3542 exhibent
423 3491 481 3541 libri
505 3499 638 3554 tamquam
656 3500 777 3556 quartum
795 3509 896 3542 versum
914 3492 990 3542 verba
1007 3493 1083 3539 haee:
1104 3490 1227 3540 κυλίκων

139 3594 216 3660 μέθυ
235 3589 324 3656 ἡδείας
343 3593 390 3642 καὶ
409 3592 504 3659 φίλως,
524 3595 555 3641 de
566 3593 659 3656 quibus
669 3594 769 3643 divorsa
785 3602 883 3643 secutos
893 3592 967 3642 video
977 3590 1045 3640 viros
1054 3591 1225 3643 doctissimos:

139 3694 249 3743 retinent
278 3693 335 3754 alii,
363 3693 504 3755 corrigunt,
532 3697 680 3756 emendant,
720 3696 840 3744 laborant
868 3691 1053 3760 (Fritasehe
1071 3709 1095 3756 p.
1111 3698 1226 3755 82—88,

139 3788 249 3844 Bothe
264 3811 288 3858 p.
309 3793 363 3860 64),
380 3795 424 3844 alii
439 3797 533 3856 delent,
552 3803 580 3845 ut
597 3796 630 3844 ab
648 3797 828 3860 interpolatore
846 3797 958 3859 quodam
975 3794 1071 3844 addita.
1108 3796 1226 3859 equidem

138 3896 247 3944 delenda
265 3910 318 3944 esse
336 3895 399 3944 mihi
417 3896 538 3959 persuasi,
557 3912 615 3944 oum
643 3897 707 3946 nihil
735 3897 806 3946 aliud
824 3895 929 3945 viderim
960 3895 1008 3944 uisi
1028 3896 1151 3946 κυλίκων
1179 3913 1225 3962 pro

138 3998 294 4058 glossemate
306 3996 421 4046 additum
439 4012 492 4046 esse
511 3984 544 4045 ad
557 3994 708 4048 Λακαινᾶν
727 3998 880 4058 genetivum,
898 3998 974 4064 μέθυ
995 3993 1050 4062 ἡδὺ
1072 4000 1120 4048 καὶ
1140 3999 1225 4064 φίλον

139 4097 211 4165 (uam
228 4098 265 4148 ita
283 4097 432 4158 corrigenda
451 4097 528 4147 verba
545 4095 675 4166 constitui)
696 4101 728 4148 ad
749 4101 825 4149 Χῖον
846 4095 960 4164 (οἶνον).
