<?xml version="1.0" encoding="UTF-8"?>
<!DOCTYPE html PUBLIC "-//W3C//DTD XHTML 1.0 Transitional//EN"
    "http://www.w3.org/TR/xhtml1/DTD/xhtml1-transitional.dtd">
<html xmlns="http://www.w3.org/1999/xhtml" xml:lang="en" lang="en">
 <head>
  <title>
</title>
<meta http-equiv="Content-Type" content="text/html;charset=utf-8" />
  <meta name='ocr-system' content='tesseract 3.04.00' />
  <meta name='ocr-capabilities' content='ocr_page ocr_carea ocr_par ocr_line ocrx_word'/>
</head>
<body>
  <div class='ocr_page' id='page_1' title='image "./dedaetalensiumf00roetgoog_0035.png"; bbox 0 0 2754 4574; ppageno 0'>
   <div class='ocr_carea' id='block_1_1' title="bbox 582 207 786 273">
    <p class='ocr_par' dir='ltr' id='par_1_1' title="bbox 582 207 786 273">
     <span class='ocr_line' id='line_1_1' title="bbox 582 207 786 273; baseline -0.005 -16"><span class='ocrx_word' id='word_1_1' title='bbox 582 207 786 273; x_wconf 58' lang='lat'>„30..</span> 
     </span>
    </p>
   </div>
   <div class='ocr_carea' id='block_1_2' title="bbox 139 407 1241 718">
    <p class='ocr_par' dir='ltr' id='par_1_2' title="bbox 139 407 1241 718">
     <span class='ocr_line' id='line_1_2' title="bbox 222 407 1236 495; baseline 0.001 -21"><span class='ocrx_word' id='word_1_2' title='bbox 222 430 318 474; x_wconf 91' lang='lat' dir='ltr'>uuum</span> <span class='ocrx_word' id='word_1_3' title='bbox 349 407 384 474; x_wconf 93' lang='lat' dir='ltr'>id</span> <span class='ocrx_word' id='word_1_4' title='bbox 415 411 496 475; x_wconf 89' lang='lat' dir='ltr'>satis</span> <span class='ocrx_word' id='word_1_5' title='bbox 527 410 679 495; x_wconf 90' lang='lat' dir='ltr'>apparuit</span> <span class='ocrx_word' id='word_1_6' title='bbox 705 410 844 493; x_wconf 82' lang='lat' dir='ltr'>litigium</span> <span class='ocrx_word' id='word_1_7' title='bbox 872 410 982 476; x_wconf 91' lang='lat' dir='ltr'>nescio</span> <span class='ocrx_word' id='word_1_8' title='bbox 1010 407 1096 494; x_wconf 92' lang='lat' dir='ltr'>quod</span> <span class='ocrx_word' id='word_1_9' title='bbox 1125 409 1236 475; x_wconf 84' lang='lat' dir='ltr'>fuisse</span> 
     </span>
     <span class='ocr_line' id='line_1_3' title="bbox 139 519 1241 608; baseline 0 -20"><span class='ocrx_word' id='word_1_10' title='bbox 139 524 222 588; x_wconf 91' lang='lat' dir='ltr'>iuter</span> <span class='ocrx_word' id='word_1_11' title='bbox 245 529 371 608; x_wconf 90' lang='lat' dir='ltr'>patrem</span> <span class='ocrx_word' id='word_1_12' title='bbox 395 529 427 588; x_wconf 88' lang='lat' dir='ltr'>et</span> <span class='ocrx_word' id='word_1_13' title='bbox 447 523 546 588; x_wconf 91' lang='lat' dir='ltr'>filium</span> <span class='ocrx_word' id='word_1_14' title='bbox 569 524 766 608; x_wconf 80' lang='lat' dir='ltr'>improbum3</span> <span class='ocrx_word' id='word_1_15' title='bbox 798 529 907 589; x_wconf 88' lang='lat' dir='ltr'>cetera</span> <span class='ocrx_word' id='word_1_16' title='bbox 936 523 1045 587; x_wconf 92' lang='lat' dir='ltr'>omnia</span> <span class='ocrx_word' id='word_1_17' title='bbox 1067 524 1151 588; x_wconf 90' lang='lat' dir='ltr'>satis</span> <span class='ocrx_word' id='word_1_18' title='bbox 1175 519 1241 588; x_wconf 58' lang='lat' dir='ltr'>obss</span> 
     </span>
     <span class='ocr_line' id='line_1_4' title="bbox 140 636 682 718; baseline 0.006 -18"><span class='ocrx_word' id='word_1_19' title='bbox 140 657 236 702; x_wconf 87' lang='lat' dir='ltr'>scura</span> <span class='ocrx_word' id='word_1_20' title='bbox 258 641 355 718; x_wconf 89' lang='lat' dir='ltr'>atque</span> <span class='ocrx_word' id='word_1_21' title='bbox 378 636 502 702; x_wconf 88' lang='lat' dir='ltr'>incerta</span> <span class='ocrx_word' id='word_1_22' title='bbox 524 656 682 703; x_wconf 87' lang='lat' dir='ltr'>mansere.</span> 
     </span>
    </p>
   </div>
   <div class='ocr_carea' id='block_1_3' title="bbox 580 816 787 824">
    <p class='ocr_par' dir='ltr' id='par_1_3' title="bbox 580 816 787 824">
     <span class='ocr_line' id='line_1_5' title="bbox 580 816 787 824; baseline -0.005 -1"><span class='ocrx_word' id='word_1_23' title='bbox 580 816 787 824; x_wconf 71' lang='lat'>————-——-</span> 
     </span>
    </p>
   </div>
   <div class='ocr_carea' id='block_1_4' title="bbox 74 951 1297 3521">
    <p class='ocr_par' dir='ltr' id='par_1_4' title="bbox 670 951 699 1012">
     <span class='ocr_line' id='line_1_6' title="bbox 670 951 699 1012; baseline 0 0"><span class='ocrx_word' id='word_1_24' title='bbox 670 951 699 1012; x_wconf 95' lang='grc'>2.</span> 
     </span>
    </p>

    <p class='ocr_par' dir='ltr' id='par_1_5' title="bbox 74 1058 1238 1259">
     <span class='ocr_line' id='line_1_7' title="bbox 222 1058 1238 1147; baseline 0 -19"><span class='ocrx_word' id='word_1_25' title='bbox 222 1063 295 1128; x_wconf 88' lang='lat' dir='ltr'>Jam</span> <span class='ocrx_word' id='word_1_26' title='bbox 319 1062 400 1147; x_wconf 89' lang='lat' dir='ltr'>ipsis</span> <span class='ocrx_word' id='word_1_27' title='bbox 428 1061 523 1127; x_wconf 88' lang='lat' dir='ltr'>nobis</span> <span class='ocrx_word' id='word_1_28' title='bbox 545 1058 804 1146; x_wconf 82' lang='lat' dir='ltr'>aggrediundum</span> <span class='ocrx_word' id='word_1_29' title='bbox 832 1083 913 1147; x_wconf 94' lang='lat' dir='ltr'>opus</span> <span class='ocrx_word' id='word_1_30' title='bbox 936 1070 1001 1145; x_wconf 90' lang='lat' dir='ltr'>est,</span> <span class='ocrx_word' id='word_1_31' title='bbox 1036 1062 1064 1127; x_wconf 89' lang='lat' dir='ltr'>si</span> <span class='ocrx_word' id='word_1_32' title='bbox 1097 1084 1139 1128; x_wconf 83' lang='lat' dir='ltr'>ex</span> <span class='ocrx_word' id='word_1_33' title='bbox 1168 1063 1238 1128; x_wconf 90' lang='lat' dir='ltr'>hac</span> 
     </span>
     <span class='ocr_line' id='line_1_8' title="bbox 74 1175 1237 1259; baseline 0 -17"><span class='ocrx_word' id='word_1_34' title='bbox 74 1194 77 1200; x_wconf 58' lang='lat'><em>⁴</em></span> <span class='ocrx_word' id='word_1_35' title='bbox 140 1182 232 1242; x_wconf 91' lang='lat' dir='ltr'>tanta</span> <span class='ocrx_word' id='word_1_36' title='bbox 268 1197 375 1242; x_wconf 88' lang='lat' dir='ltr'>rerum</span> <span class='ocrx_word' id='word_1_37' title='bbox 411 1175 609 1242; x_wconf 79' lang='lat' dir='ltr'>obscuritate</span> <span class='ocrx_word' id='word_1_38' title='bbox 645 1175 724 1240; x_wconf 90' lang='lat' dir='ltr'>certi</span> <span class='ocrx_word' id='word_1_39' title='bbox 763 1175 888 1259; x_wconf 92' lang='lat' dir='ltr'>aliquid</span> <span class='ocrx_word' id='word_1_40' title='bbox 919 1175 1065 1259; x_wconf 88' lang='lat' dir='ltr'>firmique</span> <span class='ocrx_word' id='word_1_41' title='bbox 1099 1175 1237 1242; x_wconf 87' lang='lat' dir='ltr'>efficere</span> 
     </span>
    </p>

    <p class='ocr_par' dir='ltr' id='par_1_6' title="bbox 138 1289 852 1374">
     <span class='ocr_line' id='line_1_9' title="bbox 138 1289 852 1374; baseline 0.001 -21"><span class='ocrx_word' id='word_1_42' title='bbox 138 1289 311 1374; x_wconf 89' lang='lat' dir='ltr'>possimus.</span> <span class='ocrx_word' id='word_1_43' title='bbox 850 1305 852 1309; x_wconf 53' lang='lat'><em>⁴</em></span> 
     </span>
    </p>

    <p class='ocr_par' dir='ltr' id='par_1_7' title="bbox 109 1399 1297 2163">
     <span class='ocr_line' id='line_1_10' title="bbox 222 1399 1235 1486; baseline -0.001 -20"><span class='ocrx_word' id='word_1_44' title='bbox 222 1409 319 1486; x_wconf 90' lang='lat' dir='ltr'>atque</span> <span class='ocrx_word' id='word_1_45' title='bbox 341 1401 480 1486; x_wconf 90' lang='lat' dir='ltr'>primum</span> <span class='ocrx_word' id='word_1_46' title='bbox 503 1400 632 1485; x_wconf 89' lang='lat' dir='ltr'>quidem</span> <span class='ocrx_word' id='word_1_47' title='bbox 661 1399 700 1466; x_wconf 92' lang='lat' dir='ltr'>de</span> <span class='ocrx_word' id='word_1_48' title='bbox 723 1399 828 1483; x_wconf 81' lang='lat' dir='ltr'>litigio</span> <span class='ocrx_word' id='word_1_49' title='bbox 855 1400 912 1466; x_wconf 96' lang='grc'><strong>1110</strong></span> <span class='ocrx_word' id='word_1_50' title='bbox 920 1449 929 1482; x_wconf 88' lang='lat'>,</span> <span class='ocrx_word' id='word_1_51' title='bbox 959 1399 986 1464; x_wconf 90' lang='lat' dir='ltr'>si</span> <span class='ocrx_word' id='word_1_52' title='bbox 1009 1402 1133 1484; x_wconf 89' lang='lat' dir='ltr'>placet,</span> <span class='ocrx_word' id='word_1_53' title='bbox 1164 1400 1235 1465; x_wconf 86' lang='lat' dir='ltr'>dis-</span> 
     </span>
     <span class='ocr_line' id='line_1_11' title="bbox 139 1499 1297 1600; baseline -0.001 -20"><span class='ocrx_word' id='word_1_54' title='bbox 139 1516 359 1600; x_wconf 91' lang='lat' dir='ltr'>ceptabimus:</span> <span class='ocrx_word' id='word_1_55' title='bbox 385 1535 459 1578; x_wconf 91' lang='lat' dir='ltr'>narn</span> <span class='ocrx_word' id='word_1_56' title='bbox 480 1513 561 1578; x_wconf 90' lang='lat' dir='ltr'>satis</span> <span class='ocrx_word' id='word_1_57' title='bbox 583 1513 617 1577; x_wconf 92' lang='lat' dir='ltr'>id</span> <span class='ocrx_word' id='word_1_58' title='bbox 632 1513 760 1597; x_wconf 91' lang='lat' dir='ltr'>quidem</span> <span class='ocrx_word' id='word_1_59' title='bbox 779 1513 920 1580; x_wconf 91' lang='lat' dir='ltr'>omnium</span> <span class='ocrx_word' id='word_1_60' title='bbox 933 1513 1070 1598; x_wconf 90' lang='lat' dir='ltr'>primum</span> <span class='ocrx_word' id='word_1_61' title='bbox 1089 1522 1236 1598; x_wconf 88' lang='lat' dir='ltr'>apparet</span> <span class='ocrx_word' id='word_1_62' title='bbox 1295 1499 1297 1507; x_wconf 41' lang='lat'><em>&#39;</em></span> 
     </span>
     <span class='ocr_line' id='line_1_12' title="bbox 140 1612 1297 1711; baseline -0.001 -19"><span class='ocrx_word' id='word_1_63' title='bbox 140 1648 181 1692; x_wconf 85' lang='lat' dir='ltr'>ex</span> <span class='ocrx_word' id='word_1_64' title='bbox 197 1633 380 1710; x_wconf 78' lang='lat' dir='ltr'>metrorum,</span> <span class='ocrx_word' id='word_1_65' title='bbox 404 1648 485 1711; x_wconf 89' lang='lat' dir='ltr'>quae</span> <span class='ocrx_word' id='word_1_66' title='bbox 507 1631 638 1710; x_wconf 88' lang='lat' dir='ltr'>praesto</span> <span class='ocrx_word' id='word_1_67' title='bbox 663 1633 724 1708; x_wconf 90' lang='lat' dir='ltr'>est,</span> <span class='ocrx_word' id='word_1_68' title='bbox 745 1627 915 1707; x_wconf 85' lang='lat' dir='ltr'>varietate,</span> <span class='ocrx_word' id='word_1_69' title='bbox 938 1647 1001 1692; x_wconf 92' lang='lat' dir='ltr'>non</span> <span class='ocrx_word' id='word_1_70' title='bbox 1023 1647 1086 1691; x_wconf 92' lang='lat' dir='ltr'>una</span> <span class='ocrx_word' id='word_1_71' title='bbox 1108 1647 1236 1693; x_wconf 89' lang='lat' dir='ltr'>scaena</span> <span class='ocrx_word' id='word_1_72' title='bbox 1296 1612 1297 1617; x_wconf 28' lang='lat'>¹</span> 
     </span>
     <span class='ocr_line' id='line_1_13' title="bbox 140 1739 1233 1824; baseline 0.001 -20"><span class='ocrx_word' id='word_1_73' title='bbox 140 1740 297 1805; x_wconf 82' lang='lat' dir='ltr'>contineri</span> <span class='ocrx_word' id='word_1_74' title='bbox 325 1739 470 1824; x_wconf 89' lang='lat' dir='ltr'>potuisse</span> <span class='ocrx_word' id='word_1_75' title='bbox 502 1745 604 1805; x_wconf 91' lang='lat' dir='ltr'>totum</span> <span class='ocrx_word' id='word_1_76' title='bbox 632 1739 728 1822; x_wconf 91' lang='lat' dir='ltr'>illud,</span> <span class='ocrx_word' id='word_1_77' title='bbox 763 1740 854 1804; x_wconf 88' lang='grc'><strong>00100</strong></span> <span class='ocrx_word' id='word_1_78' title='bbox 883 1759 1031 1807; x_wconf 84' lang='lat' dir='ltr'>mansere</span> <span class='ocrx_word' id='word_1_79' title='bbox 1059 1740 1233 1823; x_wconf 85' lang='lat' dir='ltr'>reliquiae,</span> 
     </span>
     <span class='ocr_line' id='line_1_14' title="bbox 138 1851 1233 1935; baseline 0.001 -18"><span class='ocrx_word' id='word_1_80' title='bbox 138 1853 288 1935; x_wconf 82' lang='lat' dir='ltr'>litigium,</span> <span class='ocrx_word' id='word_1_81' title='bbox 311 1851 369 1917; x_wconf 88' lang='lat' dir='ltr'>sed</span> <span class='ocrx_word' id='word_1_82' title='bbox 385 1852 511 1916; x_wconf 89' lang='lat' dir='ltr'>duabus</span> <span class='ocrx_word' id='word_1_83' title='bbox 526 1852 578 1916; x_wconf 84' lang='lat' dir='ltr'>vel</span> <span class='ocrx_word' id='word_1_84' title='bbox 600 1851 713 1932; x_wconf 88' lang='lat' dir='ltr'>tribus,</span> <span class='ocrx_word' id='word_1_85' title='bbox 736 1852 798 1917; x_wconf 90' lang='lat' dir='ltr'>nisi</span> <span class='ocrx_word' id='word_1_86' title='bbox 816 1853 900 1917; x_wconf 86' lang='lat' dir='ltr'>forte</span> <span class='ocrx_word' id='word_1_87' title='bbox 919 1852 1056 1919; x_wconf 91' lang='lat' dir='ltr'>eandem</span> <span class='ocrx_word' id='word_1_88' title='bbox 1073 1873 1233 1918; x_wconf 82' lang='lat' dir='ltr'>scaenam</span> 
     </span>
     <span class='ocr_line' id='line_1_15' title="bbox 109 1960 1233 2050; baseline 0.003 -22"><span class='ocrx_word' id='word_1_89' title='bbox 109 1960 112 1965; x_wconf 75' lang='grc'><em>’</em></span> <span class='ocrx_word' id='word_1_90' title='bbox 140 1964 315 2030; x_wconf 89' lang='lat' dir='ltr'>credideris</span> <span class='ocrx_word' id='word_1_91' title='bbox 329 1969 447 2048; x_wconf 93' lang='lat' dir='ltr'>partim</span> <span class='ocrx_word' id='word_1_92' title='bbox 462 1964 611 2029; x_wconf 89' lang='lat' dir='ltr'>iambicis</span> <span class='ocrx_word' id='word_1_93' title='bbox 624 1970 655 2029; x_wconf 90' lang='lat' dir='ltr'>et</span> <span class='ocrx_word' id='word_1_94' title='bbox 670 1963 823 2030; x_wconf 89' lang='lat' dir='ltr'>trimetris</span> <span class='ocrx_word' id='word_1_95' title='bbox 836 1971 868 2031; x_wconf 90' lang='lat' dir='ltr'>et</span> <span class='ocrx_word' id='word_1_96' title='bbox 881 1965 1088 2045; x_wconf 89' lang='lat' dir='ltr'>tetrametris‚</span> <span class='ocrx_word' id='word_1_97' title='bbox 1106 1966 1233 2050; x_wconf 88' lang='lat' dir='ltr'>partim</span> 
     </span>
     <span class='ocr_line' id='line_1_16' title="bbox 139 2076 1233 2163; baseline 0.002 -21"><span class='ocrx_word' id='word_1_98' title='bbox 139 2077 338 2161; x_wconf 90' lang='lat' dir='ltr'>tetrametris</span> <span class='ocrx_word' id='word_1_99' title='bbox 361 2083 392 2142; x_wconf 91' lang='lat' dir='ltr'>et</span> <span class='ocrx_word' id='word_1_100' title='bbox 414 2076 590 2143; x_wconf 88' lang='lat' dir='ltr'>trochaicis</span> <span class='ocrx_word' id='word_1_101' title='bbox 607 2083 638 2163; x_wconf 89' lang='lat' dir='ltr'>et</span> <span class='ocrx_word' id='word_1_102' title='bbox 652 2078 871 2162; x_wconf 88' lang='lat' dir='ltr'>anapaesticis</span> <span class='ocrx_word' id='word_1_103' title='bbox 887 2078 1100 2163; x_wconf 87' lang='lat' dir='ltr'>compositam</span> <span class='ocrx_word' id='word_1_104' title='bbox 1115 2078 1233 2144; x_wconf 88' lang='lat' dir='ltr'>fuisse.</span> 
     </span>
    </p>

    <p class='ocr_par' dir='ltr' id='par_1_8' title="bbox 138 2189 1233 3064">
     <span class='ocr_line' id='line_1_17' title="bbox 222 2189 1232 2276; baseline 0.002 -23"><span class='ocrx_word' id='word_1_105' title='bbox 222 2196 316 2255; x_wconf 91' lang='lat' dir='ltr'>teneo</span> <span class='ocrx_word' id='word_1_106' title='bbox 346 2190 446 2272; x_wconf 81' lang='lat' dir='ltr'>igitur</span> <span class='ocrx_word' id='word_1_107' title='bbox 470 2210 530 2273; x_wconf 82' lang='lat' dir='ltr'>ego</span> <span class='ocrx_word' id='word_1_108' title='bbox 554 2189 700 2273; x_wconf 89' lang='lat' dir='ltr'>quidem,</span> <span class='ocrx_word' id='word_1_109' title='bbox 728 2211 768 2255; x_wconf 86' lang='lat' dir='ltr'>ex</span> <span class='ocrx_word' id='word_1_110' title='bbox 790 2192 937 2274; x_wconf 92' lang='lat' dir='ltr'>pluribus</span> <span class='ocrx_word' id='word_1_111' title='bbox 959 2191 1115 2276; x_wconf 88' lang='lat' dir='ltr'>episodiis</span> <span class='ocrx_word' id='word_1_112' title='bbox 1137 2191 1232 2275; x_wconf 81' lang='lat' dir='ltr'>frag-</span> 
     </span>
     <span class='ocr_line' id='line_1_18' title="bbox 138 2301 1233 2386; baseline 0.003 -17"><span class='ocrx_word' id='word_1_113' title='bbox 138 2309 248 2369; x_wconf 89' lang='lat' dir='ltr'>menta</span> <span class='ocrx_word' id='word_1_114' title='bbox 276 2303 334 2366; x_wconf 91' lang='lat' dir='ltr'>illa</span> <span class='ocrx_word' id='word_1_115' title='bbox 361 2301 508 2382; x_wconf 86' lang='lat' dir='ltr'>fluxisse,</span> <span class='ocrx_word' id='word_1_116' title='bbox 539 2323 672 2386; x_wconf 91' lang='lat' dir='ltr'>quorum</span> <span class='ocrx_word' id='word_1_117' title='bbox 705 2323 800 2368; x_wconf 95' lang='lat' dir='ltr'>unum</span> <span class='ocrx_word' id='word_1_118' title='bbox 835 2304 990 2370; x_wconf 90' lang='lat' dir='ltr'>trimetris</span> <span class='ocrx_word' id='word_1_119' title='bbox 1017 2304 1166 2370; x_wconf 88' lang='lat' dir='ltr'>iambicis</span> <span class='ocrx_word' id='word_1_120' title='bbox 1196 2314 1233 2372; x_wconf 88' lang='lat' dir='ltr'>et</span> 
     </span>
     <span class='ocr_line' id='line_1_19' title="bbox 138 2415 1231 2500; baseline 0.004 -20"><span class='ocrx_word' id='word_1_121' title='bbox 138 2415 337 2482; x_wconf 87' lang='lat' dir='ltr'>tetrametris</span> <span class='ocrx_word' id='word_1_122' title='bbox 361 2415 643 2500; x_wconf 90' lang='lat' dir='ltr'>anapaesticis-</span> <span class='ocrx_word' id='word_1_123' title='bbox 667 2437 742 2481; x_wconf 90' lang='lat' dir='ltr'>narn</span> <span class='ocrx_word' id='word_1_124' title='bbox 766 2417 824 2482; x_wconf 91' lang='lat' dir='ltr'>hos</span> <span class='ocrx_word' id='word_1_125' title='bbox 844 2417 891 2481; x_wconf 73' lang='lat' dir='ltr'>‘ad</span> <span class='ocrx_word' id='word_1_126' title='bbox 913 2417 1049 2485; x_wconf 88' lang='lat' dir='ltr'>eandem</span> <span class='ocrx_word' id='word_1_127' title='bbox 1074 2439 1231 2484; x_wconf 87' lang='lat' dir='ltr'>scaenam</span> 
     </span>
     <span class='ocr_line' id='line_1_20' title="bbox 139 2528 1232 2612; baseline 0.003 -18"><span class='ocrx_word' id='word_1_128' title='bbox 139 2530 295 2596; x_wconf 89' lang='lat' dir='ltr'>refero-</span> <span class='ocrx_word' id='word_1_129' title='bbox 314 2528 526 2612; x_wconf 87' lang='lat' dir='ltr'>compositum</span> <span class='ocrx_word' id='word_1_130' title='bbox 548 2528 650 2595; x_wconf 86' lang='lat' dir='ltr'>tuisse</span> <span class='ocrx_word' id='word_1_131' title='bbox 674 2529 756 2612; x_wconf 90' lang='lat' dir='ltr'>dico,</span> <span class='ocrx_word' id='word_1_132' title='bbox 779 2531 916 2596; x_wconf 89' lang='lat' dir='ltr'>alterum</span> <span class='ocrx_word' id='word_1_133' title='bbox 933 2531 1128 2597; x_wconf 89' lang='lat' dir='ltr'>tetrametris</span> <span class='ocrx_word' id='word_1_134' title='bbox 1147 2531 1232 2597; x_wconf 90' lang='lat' dir='ltr'>iam-</span> 
     </span>
     <span class='ocr_line' id='line_1_21' title="bbox 139 2641 1231 2728; baseline -0.001 -20"><span class='ocrx_word' id='word_1_135' title='bbox 139 2643 231 2723; x_wconf 88' lang='lat' dir='ltr'>bicis,</span> <span class='ocrx_word' id='word_1_136' title='bbox 254 2642 384 2708; x_wconf 91' lang='lat' dir='ltr'>tertium</span> <span class='ocrx_word' id='word_1_137' title='bbox 406 2641 591 2707; x_wconf 88' lang='lat' dir='ltr'>trochaicis.</span> <span class='ocrx_word' id='word_1_138' title='bbox 625 2648 722 2726; x_wconf 89' lang='lat' dir='ltr'>atque</span> <span class='ocrx_word' id='word_1_139' title='bbox 745 2642 785 2708; x_wconf 95' lang='lat' dir='ltr'>de</span> <span class='ocrx_word' id='word_1_140' title='bbox 806 2643 910 2727; x_wconf 91' lang='lat' dir='ltr'>primo</span> <span class='ocrx_word' id='word_1_141' title='bbox 932 2643 1061 2727; x_wconf 91' lang='lat' dir='ltr'>quidem</span> <span class='ocrx_word' id='word_1_142' title='bbox 1082 2643 1138 2708; x_wconf 93' lang='lat' dir='ltr'>illo</span> <span class='ocrx_word' id='word_1_143' title='bbox 1161 2645 1231 2728; x_wconf 89' lang='lat' dir='ltr'>epi-</span> 
     </span>
     <span class='ocr_line' id='line_1_22' title="bbox 140 2753 1231 2840; baseline 0.001 -18"><span class='ocrx_word' id='word_1_144' title='bbox 140 2756 242 2837; x_wconf 86' lang='lat' dir='ltr'>sodi0,</span> <span class='ocrx_word' id='word_1_145' title='bbox 265 2754 350 2839; x_wconf 91' lang='lat' dir='ltr'>quod</span> <span class='ocrx_word' id='word_1_146' title='bbox 373 2755 414 2818; x_wconf 90' lang='lat' dir='ltr'>ab</span> <span class='ocrx_word' id='word_1_147' title='bbox 436 2753 529 2818; x_wconf 90' lang='lat' dir='ltr'>initio</span> <span class='ocrx_word' id='word_1_148' title='bbox 550 2753 680 2835; x_wconf 84' lang='lat' dir='ltr'>iambis,</span> <span class='ocrx_word' id='word_1_149' title='bbox 701 2761 776 2839; x_wconf 89' lang='lat' dir='ltr'>post</span> <span class='ocrx_word' id='word_1_150' title='bbox 799 2756 989 2839; x_wconf 87' lang='lat' dir='ltr'>anapaestis</span> <span class='ocrx_word' id='word_1_151' title='bbox 1013 2756 1231 2840; x_wconf 88' lang='lat' dir='ltr'>compositum</span> 
     </span>
     <span class='ocr_line' id='line_1_23' title="bbox 140 2866 1233 2954; baseline 0.003 -21"><span class='ocrx_word' id='word_1_152' title='bbox 140 2869 223 2947; x_wconf 86' lang='lat' dir='ltr'>dico,</span> <span class='ocrx_word' id='word_1_153' title='bbox 247 2868 337 2933; x_wconf 91' lang='grc'><strong>00100</strong></span> <span class='ocrx_word' id='word_1_154' title='bbox 360 2867 498 2952; x_wconf 90' lang='lat' dir='ltr'>plurima</span> <span class='ocrx_word' id='word_1_155' title='bbox 519 2867 577 2931; x_wconf 90' lang='lat' dir='ltr'>illa</span> <span class='ocrx_word' id='word_1_156' title='bbox 599 2866 741 2932; x_wconf 87' lang='lat' dir='ltr'>aetatem</span> <span class='ocrx_word' id='word_1_157' title='bbox 762 2869 863 2934; x_wconf 90' lang='lat' dir='ltr'>tulere</span> <span class='ocrx_word' id='word_1_158' title='bbox 880 2868 1074 2951; x_wconf 81' lang='lat' dir='ltr'>fragmenta,</span> <span class='ocrx_word' id='word_1_159' title='bbox 1098 2890 1138 2935; x_wconf 90' lang='lat' dir='ltr'>ea</span> <span class='ocrx_word' id='word_1_160' title='bbox 1154 2870 1233 2954; x_wconf 90' lang='lat' dir='ltr'>ipsa</span> 
     </span>
     <span class='ocr_line' id='line_1_24' title="bbox 140 2966 979 3064; baseline 0 -20"><span class='ocrx_word' id='word_1_161' title='bbox 140 2981 325 3064; x_wconf 85' lang='lat' dir='ltr'>fragmenta</span> <span class='ocrx_word' id='word_1_162' title='bbox 348 2987 476 3046; x_wconf 90' lang='lat' dir='ltr'>secutus</span> <span class='ocrx_word' id='word_1_163' title='bbox 498 2982 580 3046; x_wconf 90' lang='lat' dir='ltr'>haec</span> <span class='ocrx_word' id='word_1_164' title='bbox 603 2966 831 3046; x_wconf 89' lang='lat' dir='ltr'>constituenda</span> <span class='ocrx_word' id='word_1_165' title='bbox 854 2981 979 3047; x_wconf 87' lang='lat' dir='ltr'>censui:</span> 
     </span>
    </p>

    <p class='ocr_par' dir='ltr' id='par_1_9' title="bbox 140 3093 1231 3521">
     <span class='ocr_line' id='line_1_25' title="bbox 223 3093 1230 3179; baseline 0.002 -21"><span class='ocrx_word' id='word_1_166' title='bbox 223 3114 295 3159; x_wconf 89' lang='lat' dir='ltr'>rure</span> <span class='ocrx_word' id='word_1_167' title='bbox 312 3093 400 3158; x_wconf 89' lang='lat' dir='ltr'>venit</span> <span class='ocrx_word' id='word_1_168' title='bbox 422 3114 494 3159; x_wconf 88' lang='lat' dir='ltr'>eum</span> <span class='ocrx_word' id='word_1_169' title='bbox 507 3094 574 3160; x_wconf 91' lang='lat' dir='ltr'>filio</span> <span class='ocrx_word' id='word_1_170' title='bbox 596 3094 709 3178; x_wconf 88' lang='lat' dir='ltr'>probo,</span> <span class='ocrx_word' id='word_1_171' title='bbox 731 3114 824 3177; x_wconf 92' lang='lat' dir='ltr'>quem</span> <span class='ocrx_word' id='word_1_172' title='bbox 846 3093 917 3178; x_wconf 91' lang='lat' dir='ltr'>ipse</span> <span class='ocrx_word' id='word_1_173' title='bbox 935 3095 996 3160; x_wconf 91' lang='lat' dir='ltr'>rite</span> <span class='ocrx_word' id='word_1_174' title='bbox 1019 3096 1230 3179; x_wconf 86' lang='lat' dir='ltr'>educaverat,</span> 
     </span>
     <span class='ocr_line' id='line_1_26' title="bbox 140 3206 1231 3291; baseline 0.006 -22"><span class='ocrx_word' id='word_1_175' title='bbox 140 3212 235 3291; x_wconf 92' lang='lat' dir='ltr'>pater</span> <span class='ocrx_word' id='word_1_176' title='bbox 258 3226 366 3273; x_wconf 78' lang='grc'><strong>00000.</strong></span> <span class='ocrx_word' id='word_1_177' title='bbox 411 3206 526 3272; x_wconf 88' lang='lat' dir='ltr'>obvius</span> <span class='ocrx_word' id='word_1_178' title='bbox 548 3208 593 3289; x_wconf 90' lang='lat' dir='ltr'>tit,</span> <span class='ocrx_word' id='word_1_179' title='bbox 617 3207 650 3272; x_wconf 91' lang='lat' dir='ltr'>ni</span> <span class='ocrx_word' id='word_1_180' title='bbox 673 3208 785 3289; x_wconf 88' lang='lat' dir='ltr'>fallor,</span> <span class='ocrx_word' id='word_1_181' title='bbox 808 3207 948 3274; x_wconf 83' lang='lat' dir='ltr'>fortasse</span> <span class='ocrx_word' id='word_1_182' title='bbox 971 3229 1042 3273; x_wconf 89' lang='lat' dir='ltr'>cum</span> <span class='ocrx_word' id='word_1_183' title='bbox 1066 3209 1231 3276; x_wconf 89' lang='lat' dir='ltr'>sodalium</span> 
     </span>
     <span class='ocr_line' id='line_1_27' title="bbox 140 3319 1230 3405; baseline 0.006 -22"><span class='ocrx_word' id='word_1_184' title='bbox 140 3319 236 3384; x_wconf 89' lang='lat' dir='ltr'>turba</span> <span class='ocrx_word' id='word_1_185' title='bbox 258 3319 541 3402; x_wconf 85' lang='lat' dir='ltr'>comissaturus¹⁵)</span> <span class='ocrx_word' id='word_1_186' title='bbox 565 3322 648 3387; x_wconf 89' lang='lat' dir='ltr'>alter</span> <span class='ocrx_word' id='word_1_187' title='bbox 670 3321 764 3404; x_wconf 86' lang='lat' dir='ltr'>filius,</span> <span class='ocrx_word' id='word_1_188' title='bbox 787 3342 879 3405; x_wconf 90' lang='lat' dir='ltr'>quem</span> <span class='ocrx_word' id='word_1_189' title='bbox 902 3320 936 3386; x_wconf 91' lang='lat' dir='ltr'>in</span> <span class='ocrx_word' id='word_1_190' title='bbox 957 3323 1068 3388; x_wconf 89' lang='lat' dir='ltr'>urbem</span> <span class='ocrx_word' id='word_1_191' title='bbox 1087 3323 1230 3389; x_wconf 87' lang='lat' dir='ltr'>educan-</span> 
     </span>
     <span class='ocr_line' id='line_1_28' title="bbox 142 3429 1230 3521; baseline 0.007 -25"><span class='ocrx_word' id='word_1_192' title='bbox 142 3432 216 3496; x_wconf 91' lang='lat' dir='ltr'>dum</span> <span class='ocrx_word' id='word_1_193' title='bbox 239 3429 377 3499; x_wconf 91' lang='lat' dir='ltr'>dederat</span> <span class='ocrx_word' id='word_1_194' title='bbox 399 3433 570 3517; x_wconf 88' lang='lat' dir='ltr'>sophistis:</span> <span class='ocrx_word' id='word_1_195' title='bbox 601 3436 728 3500; x_wconf 86' lang='lat' dir='ltr'>salvere</span> <span class='ocrx_word' id='word_1_196' title='bbox 755 3434 840 3500; x_wconf 90' lang='lat' dir='ltr'>inter</span> <span class='ocrx_word' id='word_1_197' title='bbox 862 3455 897 3501; x_wconf 90' lang='lat' dir='ltr'>se</span> <span class='ocrx_word' id='word_1_198' title='bbox 919 3435 1048 3514; x_wconf 81' lang='lat' dir='ltr'>inbent3</span> <span class='ocrx_word' id='word_1_199' title='bbox 1076 3442 1110 3500; x_wconf 92' lang='lat' dir='ltr'>at</span> <span class='ocrx_word' id='word_1_200' title='bbox 1132 3437 1230 3521; x_wconf 87' lang='lat' dir='ltr'>longe</span> 
     </span>
    </p>
   </div>
   <div class='ocr_carea' id='block_1_5' title="bbox 141 3653 1229 4125">
    <p class='ocr_par' dir='ltr' id='par_1_10' title="bbox 141 3653 1229 4125">
     <span class='ocr_line' id='line_1_29' title="bbox 215 3653 1038 3725; baseline 0.002 -19"><span class='ocrx_word' id='word_1_201' title='bbox 215 3653 259 3725; x_wconf 87' lang='lat'>15)</span> <span class='ocrx_word' id='word_1_202' title='bbox 279 3659 329 3707; x_wconf 88' lang='lat' dir='ltr'>huc</span> <span class='ocrx_word' id='word_1_203' title='bbox 347 3659 428 3707; x_wconf 87' lang='lat' dir='ltr'>refero</span> <span class='ocrx_word' id='word_1_204' title='bbox 446 3656 510 3706; x_wconf 90' lang='lat' dir='ltr'>illud</span> <span class='ocrx_word' id='word_1_205' title='bbox 535 3659 566 3706; x_wconf 87' lang='lat' dir='ltr'>de</span> <span class='ocrx_word' id='word_1_206' title='bbox 584 3658 700 3707; x_wconf 83' lang='lat' dir='ltr'>cottubeo</span> <span class='ocrx_word' id='word_1_207' title='bbox 720 3659 891 3718; x_wconf 84' lang='lat' dir='ltr'>fragmentum</span> <span class='ocrx_word' id='word_1_208' title='bbox 911 3656 1038 3723; x_wconf 69' lang='lat' dir='ltr'>adultos:</span> 
     </span>
     <span class='ocr_line' id='line_1_30' title="bbox 414 3752 957 3824; baseline 0.002 -17"><span class='ocrx_word' id='word_1_209' title='bbox 414 3753 513 3823; x_wconf 77' lang='grc' dir='ltr'><em>ἔγνωκ’</em></span> <span class='ocrx_word' id='word_1_210' title='bbox 535 3752 589 3823; x_wconf 72' lang='grc' dir='ltr'>ἐγώ</span> <span class='ocrx_word' id='word_1_211' title='bbox 610 3755 643 3810; x_wconf 76' lang='grc' dir='ltr'>δὲ</span> <span class='ocrx_word' id='word_1_212' title='bbox 662 3762 826 3824; x_wconf 78' lang='grc' dir='ltr'><strong><em>κοτταβεῑον</em></strong></span> <span class='ocrx_word' id='word_1_213' title='bbox 845 3753 957 3811; x_wconf 77' lang='grc' dir='ltr'><em>ἱστάναι</em></span> 
     </span>
     <span class='ocr_line' id='line_1_31' title="bbox 414 3859 633 3927; baseline 0 -19"><span class='ocrx_word' id='word_1_214' title='bbox 414 3859 461 3909; x_wconf 81' lang='grc' dir='ltr'>καὶ</span> <span class='ocrx_word' id='word_1_215' title='bbox 478 3861 633 3927; x_wconf 82' lang='grc' dir='ltr'><strong><em>μυρρίνας;</em></strong></span> 
     </span>
     <span class='ocr_line' id='line_1_32' title="bbox 141 3959 1229 4024; baseline 0.001 -14"><span class='ocrx_word' id='word_1_216' title='bbox 141 3975 207 4023; x_wconf 85' lang='lat' dir='ltr'>quac</span> <span class='ocrx_word' id='word_1_217' title='bbox 225 3962 302 4010; x_wconf 87' lang='lat' dir='ltr'>verba</span> <span class='ocrx_word' id='word_1_218' title='bbox 319 3962 484 4024; x_wconf 84' lang='lat' dir='ltr'>prodeuntem</span> <span class='ocrx_word' id='word_1_219' title='bbox 507 3959 602 4009; x_wconf 84' lang='lat' dir='ltr'>dixisse</span> <span class='ocrx_word' id='word_1_220' title='bbox 620 3960 701 4009; x_wconf 90' lang='lat' dir='ltr'>filium</span> <span class='ocrx_word' id='word_1_221' title='bbox 725 3961 917 4011; x_wconf 81' lang='lat' dir='ltr'>comissatumm</span> <span class='ocrx_word' id='word_1_222' title='bbox 941 3960 1053 4024; x_wconf 83' lang='lat' dir='ltr'>suspicor</span> <span class='ocrx_word' id='word_1_223' title='bbox 1076 3964 1110 4011; x_wconf 86' lang='lat' dir='ltr'>ad</span> <span class='ocrx_word' id='word_1_224' title='bbox 1128 3963 1229 4011; x_wconf 85' lang='lat' dir='ltr'>sodales</span> 
     </span>
     <span class='ocr_line' id='line_1_33' title="bbox 141 4060 1229 4125; baseline 0.001 -15"><span class='ocrx_word' id='word_1_225' title='bbox 141 4075 301 4116; x_wconf 84' lang='lat' dir='ltr'>conversum:</span> <span class='ocrx_word' id='word_1_226' title='bbox 321 4060 432 4124; x_wconf 68' lang='lat' dir='ltr'>,pottnbi</span> <span class='ocrx_word' id='word_1_227' title='bbox 448 4062 538 4110; x_wconf 88' lang='lat' dir='ltr'>ludum</span> <span class='ocrx_word' id='word_1_228' title='bbox 557 4062 739 4112; x_wconf 81' lang='lat' dir='ltr'>instituendum</span> <span class='ocrx_word' id='word_1_229' title='bbox 758 4077 811 4111; x_wconf 87' lang='lat' dir='ltr'>sese</span> <span class='ocrx_word' id='word_1_230' title='bbox 824 4076 933 4125; x_wconf 85' lang='lat' dir='ltr'>censere,</span> <span class='ocrx_word' id='word_1_231' title='bbox 951 4069 980 4110; x_wconf 92' lang='lat' dir='ltr'>ut</span> <span class='ocrx_word' id='word_1_232' title='bbox 991 4070 1090 4125; x_wconf 84' lang='lat' dir='ltr'>tempus</span> <span class='ocrx_word' id='word_1_233' title='bbox 1103 4063 1229 4124; x_wconf 88' lang='lat' dir='ltr'>fallerent,</span> 
     </span>
    </p>
   </div>
   <div class='ocr_carea' id='block_1_6' title="bbox 141 4162 1001 4226">
    <p class='ocr_par' dir='ltr' id='par_1_11' title="bbox 141 4162 1001 4226">
     <span class='ocr_line' id='line_1_34' title="bbox 141 4162 1001 4226; baseline 0.002 -16"><span class='ocrx_word' id='word_1_234' title='bbox 141 4162 226 4211; x_wconf 87' lang='lat' dir='ltr'>allatis</span> <span class='ocrx_word' id='word_1_235' title='bbox 245 4171 269 4211; x_wconf 84' lang='lat' dir='ltr'>et</span> <span class='ocrx_word' id='word_1_236' title='bbox 289 4162 402 4226; x_wconf 85' lang='lat' dir='ltr'>praemio</span> <span class='ocrx_word' id='word_1_237' title='bbox 421 4171 446 4212; x_wconf 93' lang='lat' dir='ltr'>et</span> <span class='ocrx_word' id='word_1_238' title='bbox 465 4171 605 4212; x_wconf 88' lang='lat' dir='ltr'>murtorum</span> <span class='ocrx_word' id='word_1_239' title='bbox 625 4165 658 4212; x_wconf 87' lang='lat' dir='ltr'>ad</span> <span class='ocrx_word' id='word_1_240' title='bbox 677 4165 850 4212; x_wconf 84' lang='lat' dir='ltr'>coronandum</span> <span class='ocrx_word' id='word_1_241' title='bbox 870 4163 1001 4212; x_wconf 87' lang='lat' dir='ltr'>romulis.“</span> 
     </span>
    </p>
   </div>
   <div class='ocr_carea' id='block_1_7' title="bbox 0 0 1384 4574">
    <p class='ocr_par' dir='ltr' id='par_1_12' title="bbox 0 0 1384 4574">
     <span class='ocr_line' id='line_1_35' title="bbox 0 0 1384 4574; baseline 0 0"><span class='ocrx_word' id='word_1_242' title='bbox 0 0 1384 4574; x_wconf 95' lang='lat' dir='ltr'> </span> 
     </span>
    </p>
   </div>
  </div>
 </body>
</html>
